4575 5592
656 615 769 734 μιν·
877 605 1496 720 ,rttnarsrtrrnrarro
1670 681 1672 686 ,

671 822 804 974 1qpcopue
825 791 928 975 polipo
940 797 1016 974 lez,
1041 817 1078 876 ut
1096 797 1596 979 {iaimslmspffioetffi‘ddz’
1616 828 1722 904 onam

620 1031 623 1036 “
660 1010 712 1112 1τίς
728 925 1722 1095 lbbnldrubs-seostiiidill‘liaiadi'l'ddbibueilseboedeliddrblurildrbidi

614 1123 620 1134 '
672 1107 812 1216 audacia
827 1110 1050 1206 praecipitium,
1071 1129 1106 1181 ut
1122 1104 1188 1210 ipse
1201 1138 1288 1185 nova
1303 1112 1442 1206 Polybio
1457 1112 1590 1184 vulnera
1604 1111 1721 1185 eadem

672 1237 792 1295 manu,
818 1234 890 1311 quae
909 1210 970 1285 alia
990 1207 1138 1298 finiret,
1163 1217 1209 1286 im
1234 1234 1354 1289 oneret.
1403 1217 1483 1288 Non
1501 1239 1568 1286 uno
1588 1216 1719 1288 inloco

670 1309 765 1414 spero
778 1313 913 1411 planum
928 1343 947 1386 a
962 1341 1017 1387 me
1029 1311 1186 1390 fastutne
1211 1343 1247 1403 e,
1269 1315 1422 1393 Vrfinum
1436 1338 1490 1389 aut
1504 1314 1578 1388 saua
1598 1313 1720 1390 vitialle

671 1418 776 1500 ultro,
795 1437 849 1490 aut
867 1412 979 1491 vitiosa
1002 1423 1037 1490 iu
1057 1424 1148 1517 peius
1166 1417 1318 1512 mutasse,
1343 1421 1396 1492 ubi
1407 1416 1572 1524 'lomentis
1590 1419 1719 1493 leniori·

671 1519 730 1595 bus
751 1544 802 1591 ret
826 1541 951 1618 poterat
968 1527 1095 1622 peragi:
1120 1528 1154 1595 dr
1181 1524 1236 1596 ubi
1259 1521 1374 1596 blanda
1393 1550 1492 1595 manu
1512 1517 1720 1622 suspensique¹

669 1622 794 1698 malum
807 1622 879 1696 tolli
892 1644 1037 1724 poterat,
1059 1629 1127 1724 igni
1141 1622 1292 1727 ferroque
1306 1621 1479 1725 grallatum
1494 1619 1566 1697 elle.
1616 1621 1719 1710 Quod

529 1793 532 1798 .
671 1723 815 1811 faenus,
833 1723 937 1799 audax
951 1725 1084 1828 quidem
1096 1726 1207 1818 illud,¹
1219 1755 1280 1804 nec
1292 1726 1483 1813 ferendum,
1502 1734 1642 1827 aequiore
1654 1727 1719 1802 let·

670 1851 781 1904 tetrius
793 1834 925 1916 annno,
947 1836 984 1903 ἁ
997 1831 1125 1904 minore
1139 1859 1216 1904 curn
1232 1829 1356 1905 danuto
1370 1831 1499 1915 nolito,
1521 1828 1566 1915 fi,
1589 1855 1652 1930 qua
1664 1825 1721 1902 la:-

549 1973 555 1996 =
670 1955 713 2032 pe
726 1926 800 2006 nsua
812 1929 859 2004 cll
871 1938 1029 2006 cautionis
1039 1931 1218 2033 ptudentia,
1242 1956 1278 2009 ut
1291 1930 1336 2009 sui
1353 1931 1474 2006 codicia
1488 1928 1716 2006 mendatlide·

668 2037 745 2111 liter
764 2053 858 2136 etque
879 2029 1050 2136 diligenter
1071 2035 1243 2125 indicaret,
1267 2064 1305 2111 ea
1328 2033 1498 2138 prudentia
1519 2035 1637 2135 ubique
1658 2060 1716 2106 vo·

668 2134 761 2214 inille
780 2144 838 2213 uti.
889 2143 933 2211 At
952 2145 1040 2212 enim
1059 2165 1138 2235 yero
1158 2166 1218 2213 nos
1238 2139 1401 2242 illequam
1413 2135 1718 2238 saepill'tmehiantet

670 2237 811 2325 deludit,
842 2244 876 2311 ἀ
895 2238 1020 2315 delusos
1039 2239 1189 2329 dimittit,
1207 2238 1321 2344 'quum
1346 2249 1406 2327 ita,
1430 2262 1466 2315 ut
1488 2267 1618 2343 quoque
1638 2240 1715 2312 loco

668 2342 765 2429 lecit,
788 2339 820 2416 se
838 2341 1041 2431 emendall‘e,
1063 2341 1213 2420 vitiosum
1231 2347 1276 2418 ibi
1287 2347 1440 2420 locorum
1453 2339 1546 2417 fuille
1562 2338 1713 2415 codicem

668 2445 765 2522 suum
787 2445 933 2540 affirmat.
983 2453 1065 2547 Qae
1094 2475 1144 2522 ter
1170 2453 1251 2522 mihi
1271 2445 1352 2548 saepe
1372 2451 1579 2522 vehementer
1596 2444 1716 2528 llorna·

558 2553 564 2568 “
669 2556 769 2625 chum
787 2553 910 2638 ntovit3
939 2553 1102 2639 cernenti}
1122 2550 1263 2624 liacrius
1276 2559 1312 2625 ἀ
1327 2549 1467 2623 subtilius
1489 2544 1717 2647 inspicerentur

668 2651 802 2751 velligia
819 2677 991 2750 pravarum
1004 2654 1200 2740 lediionutn,
1220 2680 1296 2726 cum
1315 2681 1367 2725 nas
1390 2650 1607 2725 dernonllrare
1628 2646 1721 2721 vrfi·

668 2782 715 2829 no
734 2749 836 2827 visum
857 2751 950 2841 effer,
974 2751 1055 2854 saepc
1078 2758 1248 2830 meliorem
1263 2764 1298 2830 dt
1311 2752 1580 2828 verolimiliorem
1594 2748 1716 2822 senten·

668 2866 749 2933 tiam
762 2885 803 2931 ex
819 2862 856 2928 iis
869 2863 937 2930 erui
951 2855 1051 2956 poll'e,
1070 2887 1169 2958 quant
1182 2856 1315 2932 Vrsinus
1328 2853 1462 2932 eruillet.
1505 2859 1626 2954 Negari
1640 2880 1723 2952 pr0··

668 2959 758 3037 fedlo
780 2965 908 3060 nequit,
934 2966 1016 3033 hanc
1029 2961 1134 3034 Vrliui
1153 2960 1321 3037 audaciam
1341 2969 1377 3036 dt
1397 2960 1569 3052 Polybium
1584 2964 1618 3031 dc
1634 2958 1716 3028 alios

531 3095 535 3106 ⁸
669 3068 815 3142 nudiores
836 3082 958 3160 graecos
981 3071 1074 3158 (nam
1089 3063 1130 3136 ad
1151 3065 1229 3137 alios
1242 3091 1370 3168 quoque
1384 3060 1515 3162 cupidas
1529 3088 1644 3134 manus
1659 3085 1714 3132 ex·

670 3166 788 3257 tendit)
808 3166 884 3238 tabo
895 3162 984 3266 qunst
997 3164 1140 3268 quodam
1155 3168 1309 3240 Celaeneo
1324 3161 1505 3267 perfudille.
1555 3166 1643 3238 Naut
1661 3183 1718 3235 aut

669 3289 741 3345 tlon
770 3291 932 3366 agnovere
956 3295 1032 3343 eum
1059 3275 1117 3341 viri
1139 3267 1247 3357 dosii,
1279 3267 1485 3345 casaubonus
1507 3271 1542 3339 in
1566 3267 1716 3359 Polybio,

668 3368 845 3447 Hudsonua
862 3376 898 3444 in
912 3373 1074 3467 Dionysio
1088 3369 1374 3459 Halicarnasum,
1397 3393 1452 3447 aut
1463 3372 1504 3443 ab
1518 3395 1558 3442 eo
1574 3369 1631 3442 stbi
1644 3365 1716 3440 satir

668 3504 738 3554 non
753 3495 926 3548 cavemnt:
950 3503 1016 3576 quo
1028 3473 1169 3561 fodiunt,
1190 3497 1225 3551 ut
1237 3475 1344 3550 Vrl'mi
1359 3495 1545 3549 commenta
1559 3499 1620 3574 pro
1635 3475 1725 3542 veri·.

666 3599 730 3654 tate
746 3576 922 3670 Polybiou-ra
935 3584 970 3650 dt
985 3575 1184 3671 Dionysiana
1196 3579 1478 3677 aniplcdlerentur,
1500 3576 1635 3650 &velut
1654 3601 1715 3674 pu·

666 3683 779 3783 pulam
792 3701 991 3753 exornarent.
1019 3687 1117 3754 Eccui
1133 3706 1210 3756 veto
1224 3680 1355 3755 tandem
1369 3689 1445 3755 tanti
1460 3684 1604 3756 nominis
1618 3689 1721 3779 quan·¹

667 3805 741 3858 tum
756 3779 877 3855 vrfino
890 3789 1007 3858 merito
1020 3792 1054 3858 dt
1072 3805 1143 3880 turn
1155 3790 1309 3884 contigit,
1333 3791 1367 3858 ἀ
1383 3783 1480 3858 bodie
1498 3803 1625 3868 manet,
1644 3808 1713 3853 non

667 3887 872 3990 praellinguat
886 3883 999 3960 oculor
1011 3884 1170 3986 splendor.
1219 3891 1318 3961 Eccui
1333 3909 1424 3962 tantae
1439 3887 1593 3962 dodrinae
1608 3890 1715 3982 copia,

666 3997 746 4064 tanti
769 3993 925 4062 acuminis
946 3985 1079 4063 felicitae
1100 4016 1170 4063 non
1190 3997 1357 4090 imponat,
1377 3999 1411 4064 dr
1432 3987 1587 4065 allenl'um
1607 4008 1733 4061 extor-.

666 4113 772 4196 queat.
798 4090 897 4192 Qod
912 4088 1171 4193 anno'superioti
1193 4099 1276 4178 ianr,
1295 4123 1372 4166 cum
1392 4093 1431 4167 ad
1447 4100 1577 4170 tertium
1595 4098 1711 4165 harum

667 4189 1008 4271 Animaduerlionum'
1023 4198 1178 4271 volumen
1209 4193 1432 4296 prefationem
1464 4189 1724 4280 conscriberem,

667 4300 837 4401 que'rebur,
861 4293 955 4396 inille
974 4293 1088 4372 sacculo
1107 4305 1181 4375 XV.
1202 4321 1337 4373 excunte
1352 4308 1386 4374 ἀ
1404 4303 1544 4375 uertente
1566 4305 1654 4374 XVI.
1675 4301 1712 4372 iu

668 4403 756 4476 ltalia
778 4407 864 4474 viror
883 4397 1017 4496 dodina,
1041 4408 1096 4503 qui
1117 4424 1237 4476 veteres
1259 4405 1404 4478 auctoni
1427 4406 1622 4478 commentia
1642 4396 1711 4508 sua·

1623 4532 1710 4588 rum,
