4575 5592
710 641 782 720 sn
803 641 948 720 susus
969 611 1177 720 sorsstr
1199 637 1529 716 summurn.
1560 666 1648 724 stt-rx

599 831 721 903 Graecis
740 830 841 902 literis
857 829 1014 929 rebusque
1033 831 1188 929 antiquis,
1213 821 1385 925 praesertim
1402 826 1524 902 bellicis
1537 836 1646 906 minui

597 936 1015 1024 exercimprweusorari,
1037 931 1233 1014 &lediionis
1246 927 1390 1013 frudlum
1405 957 1541 1005 omnent
1549 952 1647 1033 »pote-

596 1057 669 1108 raut
690 1030 871 1134 impedire,
904 1059 965 1107 nos
983 1030 1090 1107 studio
1102 1025 1331 1132 &diligentiae
1348 1040 1555 1108 contentione
1569 1034 1646 1110 effe-

597 1143 720 1225 cimus,
744 1135 889 1230 (efficere
902 1160 987 1209 certe
1002 1141 1108 1210 conati
1120 1132 1251 1231 sumus)
1270 1157 1305 1209 ut
1318 1163 1433 1212 omues
1446 1135 1511 1211 five
1525 1165 1646 1227 terrun,

595 1237 662 1313 five
682 1247 717 1314 ἀ
739 1241 913 1342 verborum
926 1235 1130 1326 obscuritates
1149 1238 1364 1342 tollerentur,¹
1381 1264 1494 1342 ornnes
1508 1268 1645 1328 remorae

594 1363 844 1429 amoverentur,
861 1347 975 1416 omnia
988 1337 1128 1444 denique
1145 1342 1240 1441 planu
1252 1349 1288 1416 ἀ
1300 1340 1407 1417 facilia
1423 1339 1643 1420 redderentur.

595 1447 687 1544 Quin
703 1450 800 1520 etiarn
814 1471 976 1520 tuemurss
994 1468 1072 1520 turn
1086 1447 1252 1520 auctorem
1271 1452 1468 1546 interpretari
1490 1472 1568 1534 nos,
1588 1453 1645 1549 qui

595 1569 647 1624 tot
671 1549 755 1623 locis
772 1548 957 1648 profitetur,
980 1545 1061 1622 ficut
1075 1546 1292 1635 ostendimus,
1315 1545 1349 1621 id
1370 1574 1465 1648 agere
1480 1543 1532 1636 se,
1555 1557 1644 1628 utin

594 1649 728 1728 historia
754 1645 918 1725 scribenda
938 1671 1041 1726 artem
1087 1647 1154 1726 uafi
1172 1649 1337 1754 quandam
1357 1677 1465 1725 rerum
1487 1649 1644 1750 gerenda·

594 1781 672 1830 rum
688 1750 835 1826 studiofis
847 1751 1000 1827 traderet:
1026 1679 1087 1858 ipd
1099 1779 1227 1856 quoque
1242 1753 1284 1828 ad
1299 1750 1383 1828 istud
1397 1761 1563 1853 inceptum
1577 1751 1644 1830 hoc

594 1854 1643 2061 dssfissffizidtffissbdddiffizzffiussssi‘ssbffd

595 2057 660 2138 sese
678 2083 800 2164 parant.
849 2067 960 2163 ltaque
978 2065 1014 2134 in
1031 2067 1150 2138 bonsm
1171 2058 1260 2161 spem
1279 2068 1388 2161 gratiae
1403 2088 1519 2160 parum
1536 2061 1643 2136 adhuc

538 2239 553 2252 ,
597 2157 751 2246 usinum
779 2170 815 2252 in
841 2161 1021 2238 istiusmodi
1048 2160 1255 2266 scriptoribus
1278 2166 1501 2264 explicationis
1529 2189 1644 2264 genus,

594 2267 677 2342 absit
696 2269 797 2342 verbo
816 2265 955 2356 invidis,
978 2265 1115 2367 sggseffi
1126 2273 1285 2341 rationem
1299 2273 1336 2339 iis
1351 2264 1584 2354 iudicauimus,
1602 2283 1648 2340 ao

596 2373 697 2445 veluti
716 2375 829 2474 praeire
852 2376 939 2443 uiam
959 2368 1154 2472 studuimus,
1178 2397 1277 2471 quam
1293 2367 1319 2442 fi
1333 2367 1458 2469 ingredi
1474 2368 1648 2458 voluerint,

597 2495 723 2549 eertum
745 2470 964 2548 exvhissosieis
982 2451 1204 2548 immmenso
1223 2469 1385 2557 frustum,
1403 2478 1439 2545 ἀ
1451 2471 1493 2546 ad
1506 2477 1651 2547 rationes
1683 2545 1691 2561 ,

544 2641 554 2668 ,
595 2582 670 2651 vitae
702 2601 907 2679 nequaquam
935 2573 1137 2678 penitentias
1162 2575 1309 2649 utilitates
1335 2593 1486 2675 poterunt
1514 2572 1652 2658 referre.¹

595 2677 661 2756 sed
681 2679 724 2754 de
743 2684 983 2756 commentariis
1003 2684 1039 2752 in
1056 2681 1147 2752 bunc
1165 2682 1331 2752 sudorem
1349 2677 1480 2764 nostris,
1500 2704 1652 2779 quorunn

596 2782 784 2868 editionem,
801 2806 1007 2855 remorantur
1029 2783 1183 2855 hastatus
1211 2786 1327 2881 partim
1345 2778 1497 2852 molessiae
1519 2805 1649 2884 graveq

596 2889 711 2989 quibus
731 2913 820 2959 nunc
838 2880 945 2957 cursus
973 2909 1124 2958 meorum
1151 2881 1330 2956 studiorum
1350 2881 1541 2980 impeditur,
1574 2909 1651 2980 par-

596 2998 657 3062 tim
678 2991 858 3090 figuratum
876 2984 1056 3086 sculptura,
1076 3011 1156 3088 quas
1175 2985 1217 3058 sd
1239 3012 1350 3061 rerum
1370 2985 1556 3058 bellicarum
1575 2984 1647 3057 illu·

595 3093 785 3167 strationem
806 3087 982 3179 necessario
1008 3090 1234 3176 adhibuimus,
1262 3089 1341 3164 dius
1359 3081 1572 3189 erit,·spero,
1597 3085 1646 3161 di·

564 3176 572 3192 ²
593 3193 692 3272 cendi
715 3196 819 3270 locus.
936 3265 940 3274 .
