4575 5592
700 660 770 732 ιιι
792 662 948 735 svau
964 647 1176 748 ἰοιιιιιι
1197 613 1525 772 ιιιιτιοιιειι.
1551 688 1667 740 unx

625 848 773 951 preclare
794 847 906 922 noster
925 853 979 921 hic
999 875 1036 921 ea
1054 825 1149 947 supcr'
1165 874 1201 922 ro
1217 850 1372 924 nonnulla
1388 855 1493 952 operis
1506 846 1550 923 sui
1566 855 1670 930 initio.

626 953 683 1029 vel
703 950 787 1026 illud
807 972 963 1056 quantum
984 951 1048 1037 esi,
1072 976 1171 1052 quam
1190 950 1405 1028 admirabile?
1424 950 1514 1055 posse
1529 955 1670 1054 aliquem

625 1056 821 1140 mortalium,
844 1055 933 1128 iiiam
948 1059 1011 1128 Dei
1024 1077 1073 1128 ter
1084 1061 1219 1129 maxim
1234 1060 1482 1135 πολυποίκιλον
1497 1064 1532 1130 ὅ(
1546 1062 1670 1132 inenar-

625 1160 755 1233 rabilem
779 1156 986 1258 sapientiam,
1011 1185 1081 1258 quae
1101 1185 1171 1236 non
1191 1185 1289 1232 unam
1311 1159 1449 1261 aliquam
1470 1181 1524 1233 aut
1535 1160 1669 1236 aiteram

624 1269 805 1361 regionem,
825 1258 882 1336 sed
895 1288 974 1336 vero
987 1259 1147 1334 mundum
1160 1259 1343 1346 universum
1355 1269 1437 1363 regit
1448 1291 1486 1334 ac
1500 1253 1668 1364 temperat,

624 1363 709 1467 quasi
730 1365 872 1464 vesiigiir
891 1361 1052 1464 persequi„
1064 1385 1180 1438 mente
1200 1392 1332 1464 capere,
1356 1373 1391 1439 ἀ
1411 1355 1481 1439 iulo
1500 1372 1668 1440 enarrare?

664 1467 699 1540 id
719 1465 763 1540 de
782 1469 1082 1568 popuiirOrieutie,
1103 1466 1181 1569 quid
1203 1483 1350 1568 tempore
1371 1469 1488 1542 eodem
1510 1468 1550 1542 de
1571 1473 1667 1544 Occi·¹

623 1496 728 1644 diutia
739 1570 853 1643 diviua·
870 1569 982 1643 statuat
1001 1571 1221 1670 providentia,
1241 1568 1317 1672 quid
1334 1572 1382 1645 vei
1399 1568 1596 1661 subsanandir
1611 1573 1666 1646 uel

621 1671 806 1775 premendis
817 1671 859 1745 ad
873 1674 1068 1774 Aquilonem
1085 1673 1277 1747 Austrumve
1288 1677 1453 1773 gentibus,
1477 1674 1593 1750 eadem
1611 1674 1665 1748 de-
1686 1759 1692 1777 Ι

621 1798 737 1851 cernat.
788 1779 863 1850 Tot
874 1804 934 1862 res,
952 1798 1020 1848 tam
1036 1783 1148 1863 varias,
1166 1777 1215 1849 vel
1229 1785 1340 1853 animo
1353 1775 1583 1879 possccapere,
1596 1806 1665 1851 ma·

620 1907 725 1980 gnum
740 1877 796 1953 sit:
821 1878 899 1981 quid
909 1905 1110 1978 componere
1125 1886 1209 1954 inter
1221 1877 1270 1967 se,
1288 1888 1323 1955 ιἰι
1340 1879 1490 1956 ordinem
1506 1880 1663 1981 digerere,
1688 1973 1692 1984 Ι

621 1993 653 2058 dt
669 1991 704 2057 in
723 1989 818 2056 unius
834 1984 970 2056 historia
984 1980 1102 2056 faciem
1119 1989 1331 2062 concinnare?
1351 1984 1564 2058 hocdemum
1578 1982 1668 2072 illud,

619 2115 693 2159 rere
718 2086 784 2172 esi,
807 2083 896 2187 quod
914 2086 1432 2173 initiodicebtmur,ministrum
1451 2087 1662 2189 providentia
1758 2119 1761 2130 ·

621 2189 736 2264 divina
759 2195 794 2262 in
812 2195 901 2262 terris
924 2215 1029 2287 agere.
1081 2190 1233 2282 Polybius
1248 2196 1367 2289 igitur,
1388 2198 1481 2264 tmtis
1502 2188 1543 2265 de
1566 2192 1661 2263 rebus

619 2317 685 2367 tarn
705 2290 868 2394 exquisitae
887 2288 1004 2367 sonna
1024 2291 1208 2378 historiam,
1228 2321 1327 2393 quam
1343 2295 1554 2380 moliebatur,
1580 2293 1660 2366 ultra
1735 2287 1738 2294 ’

618 2398 686 2470 iiior
704 2423 779 2471 ιιιι.
793 2421 913 2480 annor,-
922 2403 958 2470 &
970 2422 1090 2495 pauoor
1103 2395 1182 2470 aiios
1197 2402 1284 2493 pacis
1299 2425 1408 2470 curam
1422 2393 1510 2470 suam
1523 2422 1591 2470 non
1604 2422 1667 2470 ex·-

618 2499 783 2572 tendebat.·
801 2503 857 2598 qui
877 2521 985 2572 tanam
1004 2524 1046 2573 eo
1066 2498 1177 2578 labore
1200 2496 1404 2596 persurtdius,
1424 2525 1544 2574 novam
1564 2498 1677 2574 hisso·..

618 2611 700 2676 riam
718 2627 882 2676 annorum
895 2608 1020 2676 circiter
1030 2604 1127 2686 odio,
1147 2627 1261 2675 eorum
1277 2603 1446 2689 beliorum,
1460 2606 1574 2705 quibua
1592 2596 1660 2702 ipse

616 2729 652 2780 ut
666 2710 853 2808 plurimum·
860 2701 1056 2788 interfuerat,
1067 2709 1166 2803 priori
1182 2701 1359 2780 subtexuit:
1377 2736 1395 2780 a
1407 2711 1569 2807 principio
1582 2705 1660 2779 Cel·

616 2814 739 2882 tiberici
760 2807 801 2881 ad
818 2804 957 2881 deletam
971 2837 996 2884 ,a
1015 2810 1186 2880 Mummio
1205 2812 1420 2895 Corinthum,
1437 2816 1472 2882 dr
1487 2815 1520 2881 io
1534 2806 1666 2886 sorum·-

617 2915 681 2986 lam
700 2913 876 3013 provincia
898 2908 1062 2984 redadiam
1084 2913 1256 2983 Achaiam:
1282 2939 1342 2984 nec
1357 2940 1423 2984 non
1435 2909 1476 2985 ad
1492 2915 1659 3008 Carthagi·

615 3044 690 3089 nem
702 3014 814 3117 paullo
824 3033 897 3084 ante
910 3043 929 3087 a
943 3018 1093 3112 Scipione
1107 3032 1245 3114 captam,
1258 3022 1292 3088 ἀ
1304 3011 1373 3088 soso
1388 3019 1555 3116 aquatam.
1576 3017 1659 3085 Scri·

615 3115 717 3219 pserar
729 3125 764 3191 ἀ
779 3115 916 3190 debello
931 3119 1154 3200 Numantino,
1177 3112 1230 3188 sed
1247 3113 1388 3215 separato
1405 3148 1423 3192 a
1437 3137 1588 3217 perpetua
1603 3111 1659 3190 sua

615 3222 745 3296 historia
766 3220 952 3305 volumine,
976 3240 1011 3294 ut
1031 3222 1145 3294 audior
1161 3218 1206 3290 est
1222 3221 1361 3293 Tullius.
1415 3227 1516 3295 Porro
1534 3225 1660 3291 univer·

613 3323 685 3398 sum
704 3320 797 3426 quod
810 3320 1138 3423 modo-exposuimus
1151 3344 1398 3421 argumentum,
1422 3324 1507 3398 libris
1523 3349 1583 3397 ιιι.
1598 3325 1659 3394 Ρο-

613 3429 720 3522 iybiua
732 3424 837 3499 fuerat
848 3426 1110 3524 complexusmes
1123 3431 1230 3524 potius
1244 3424 1571 3528 duodequadraginta.
1595 3428 1659 3524 pri·

612 3560 686 3605 mus
700 3528 862 3630 srquidem
874 3536 909 3602 ἀ
922 3526 1088 3614 secundus,
1106 3549 1294 3626 apparatum
1308 3528 1348 3602 ad
1363 3529 1526 3603 historiam
1541 3533 1658 3627 prima·

611 3642 661 3708 rio
674 3630 865 3732 susceptam,
871 3659 946 3707 ,non
957 3628 1058 3729 ipsam
1072 3630 1248 3716 hissoriam,
1261 3638 1436 3706 continent.
1477 3636 1564 3704 Nam
1582 3633 1659 3731 quia
1676 3629 1682 3644 '

611 3742 732 3810 Grecis
753 3736 941 3810 hominibus
962 3734 1015 3808 ilia
1035 3739 1131 3808 aetate'
1145 3759 1194 3805 rer
1223 3738 1398 3822 Romanae,
1423 3730 1477 3806 sua
1497 3737 1659 3807 memoria

613 3840 811 3925 vetustiores,
834 3866 950 3938 parum
965 3857 1054 3912 erant
1068 3840 1228 3934 cognita,
1249 3836 1508 3937 prudentissimus
1524 3832 1659 3937 scriptor

611 3971 652 4017 ex
672 3939 730 4016 usu
750 3938 897 4016 suturum
916 3947 1056 4041 putavit,
1079 3938 1104 4013 fi
1117 3944 1196 4036 reip.
1211 3939 1291 4015 illius
1305 3962 1453 4042 tempora
1466 3940 1599 4014 stridiim
1613 3957 1658 4011 at·

610 4055 768 4146 tingeret,
790 4075 811 4120 a
832 4073 870 4117 ca
895 4065 925 4117 ta
947 4047 1055 4117 Roma
1075 4069 1131 4143 per
1143 4042 1255 4116 Gallos
1270 4042 1351 4120 duce
1367 4049 1514 4131 Brenno,
1537 4040 1578 4115 ad
1594 4046 1659 4140 pti·
1777 4073 1780 4078 ·

611 4178 702 4224 mum
715 4171 808 4224 extra
824 4155 840 4224 Ι
884 4154 948 4220 iam
962 4174 1038 4220 cum
1052 4143 1148 4220 classe
1160 4145 1342 4220 transitum:
1365 4154 1397 4221 ὅ(
1411 4147 1519 4247 paullo
1531 4146 1659 4217 uberius

609 4261 750 4353 aprima
771 4254 960 4324 traiediione
978 4255 1014 4322 in
1034 4251 1196 4333 Siciliam,
1220 4246 1350 4350 quando
1365 4250 1485 4323 bellum
1499 4253 1660 4322 Punicum

607 4362 750 4456 primum
764 4352 813 4426 est
830 4350 1019 4436 conflatum,
1031 4350 1072 4424 ad
1088 4356 1199 4425 Punici
1214 4380 1253 4424 ιι.
1269 4382 1390 4428 annum
1403 4359 1556 4453 primum.
1581 4376 1661 4453 quaa

608 4460 733 4534 isitres
759 4481 845 4533 cum
870 4458 1057 4532 Graecanicis
1082 4458 1284 4558 aliorumque
1309 4456 1514 4562 populorum·
1534 4460 1659 4530 ratione

950 4597 955 4606 ·
1180 4586 1200 4631 c
1225 4585 1247 4649 4
1578 4578 1661 4633 tem·
