4575 5592
804 605 818 640 χ
876 615 1062 743 busur
1085 655 1400 733 eournmnn
1524 727 1527 734 .
1576 683 1658 738 ινιι

681 850 795 932 Iuvat,
812 849 887 948 quia
905 850 943 920 in
958 849 1046 920 bunc
1063 842 1175 918 locum
1191 839 1309 930 incidi,
1333 845 1372 918 iit
1389 867 1578 934 occurrere,
1600 843 1657 923 sed

611 949 766 1034 breviter,
785 952 860 1052 qui,
874 977 964 1022 cura
978 952 1090 1048 gracie
1101 947 1284 1022 rudioribus
1299 943 1432 1019 edendis
1444 950 1577 1023 alienior
1590 959 1668 1040 ani·-
1734 1017 1739 1028 .

609 1077 668 1126 mo
680 1048 801 1138 essem,
822 1077 878 1126 me
888 1051 1054 1126 interdum
1069 1055 1315 1148 interrogarunt.
1364 1053 1577 1153 Qiburcum
1593 1057 1658 1129 alia
1697 1039 1704 1049 ⁶
1733 1141 1737 1150 Ι

610 1151 776 1240 excusavi,
800 1183 873 1254 quae
893 1160 947 1229 bic
966 1176 1108 1253 repetere
1129 1155 1175 1226 nil
1198 1158 1326 1237 attinet,
1349 1155 1514 1252 vulgaria,
1540 1164 1658 1254 partim

609 1252 1004 1459 illinitis&
1023 1261 1660 1460 ldrlllilli‘i'llllitlfi

609 1460 770 1563 peranda,
792 1470 843 1536 cui
858 1492 934 1538 cum
943 1469 1080 1536 vanitate
1095 1468 1130 1535 dt
1144 1458 1277 1534 audacia
1291 1468 1325 1536 ἀ
1340 1457 1522 1550 versutia&
1536 1465 1659 1564 cupidi·
1752 1547 1755 1554 ,

609 1587 673 1638 tate
684 1572 855 1639 contentio
869 1565 932 1649 cll,
952 1586 1024 1640 tum
1039 1591 1139 1648 uuum
1152 1569 1236 1638 hanc
1251 1570 1362 1638 reticui
1378 1561 1503 1638 causam
1522 1575 1660 1667 penitio-

608 1693 693 1753 rem,
707 1694 805 1768 quam
819 1668 860 1743 ad
875 1666 989 1743 doctos
1001 1673 1153 1743 homines
1169 1663 1294 1747 deferre
1307 1695 1367 1767 par
1379 1669 1442 1754 ell,
1461 1671 1574 1771 quibus
1586 1698 1663 1747 erm
1742 1739 1745 1748 .

608 1767 750 1844 confido
769 1799 824 1847 me
843 1769 939 1846 facile
957 1775 1218 1873 approbaturum.
1270 1769 1447 1846 Auctorem
1463 1798 1606 1871 graccum
1621 1781 1660 1848 iie
1740 1850 1751 1864 ¹,

607 1871 720 1948 modia
734 1872 851 1962 edere,
869 1881 924 1976 qui
937 1901 1016 1948 cum
1027 1871 1133 1974 ipsum
1148 1872 1281 1946 deceant
1294 1894 1471 1976 omentque
1486 1894 1518 1947 at
1540 1905 1579 1950 uc
1592 1879 1663 1952 illu.

609 1981 757 2061 minent,
781 1997 851 2052 trun
867 2001 984 2052 eorum
999 1976 1102 2051 studia
1120 1973 1345 2062 sublevent,li
1381 1983 1412 2050 ui
1428 1905 1661 2056 illiuslee‘iioni
1710 2035 1715 2046 -
1755 2069 1758 2076 .

609 2082 719 2152 otium
739 2079 943 2179 studiumque
961 2076 1054 2154 suum
1067 2074 1271 2162 consecrent,
1291 2087 1326 2154 ὅ(
1340 2005 1509 2156 edentium
1522 2082 1663 2185 denique
1742 2159 1745 2164 ,

610 2181 842 2256 existimationi
858 2178 1088 2281 suffragentur,
1108 2178 1141 2254 id
1156 2208 1233 2254 vero
1249 2181 1443 2282 perarduum
1458 2181 1520 2258 ess'e
1534 2194 1567 2259 d(
1585 2214 1663 2286 peu·

610 2289 658 2356 cie
680 2282 793 2358 datum
811 2285 972 2360 existimo.
1022 2281 1259 2368 Recedendarn
1284 2292 1391 2384 operis
1418 2295 1663 2389 typographicie
1713 2379 1717 2387 Ι
1749 2353 1756 2387 1,.

611 2391 756 2490 rudioris
767 2388 901 2462 alicuius
913 2385 1092 2462 editionem
1105 2389 1246 2487 aliquem
1264 2388 1363 2486 vulgo
1375 2392 1555 2487 probatam,
1568 2399 1662 2494 cique

611 2491 741 2564 uuidar
755 2486 916 2564 subitarias
929 2496 1121 2591 appingere,
1141 2509 1216 2563 mee
1230 2485 1405 2588 iudignum
1417 2488 1551 2592 persona
1567 2518 1661 2595 puto.

610 2598 746 2672 cbrnis
763 2591 924 2670 eiuamodi
937 2615 1063 2668 etatem
1082 2591 1171 2668 baud
1189 2589 1380 2679 serentibus,
1405 2615 1439 2668 ut
1453 2600 1535 2670 vinis
1553 2603 1667 2697 patriae¹
1753 2671 1756 2676 ,

611 2699 734 2772 limites
747 2724 816 2770 non
829 2694 1068 2783 excedentibus,
1080 2723 1149 2770 non
1164 2697 1302 2769 multum
1315 2697 1518 2796 proficimus,
1538 2699 1579 2773 ad
1593 2703 1664 2775 lite·
1713 2777 1715 2782 ,

611 2829 729 2876 nrum
745 2799 878 2901 quidem
892 2796 1035 2874 fundum
1048 2797 1315 2900 amplificandum
1329 2798 1534 2882 &ditionem
1554 2801 1664 2905 profe·

612 2903 763 2980 rendam.
814 2902 939 2978 Editori
958 2925 1083 2989 autem,
1107 2908 1162 3003 qui
1181 2901 1314 3002 quidem
1329 2928 1452 2976 nomen
1468 2909 1533 2978 hoc
1547 2913 1665 2980 mereri

614 3015 653 3084 ἁ
666 3012 748 3080 tueri
759 3006 853 3090 velit,
873 3026 923 3079 tot
938 3004 1068 3079 res-sunt
1079 3001 1228 3104 agendae,
1242 3031 1312 3106 quae
1326 3007 1666 3094 commentariensibus
1694 3073 1696 3077 ,

616 3114 783 3185 committi
793 3129 970 3210 nequeant,
991 3129 1040 3182 tot
1054 3107 1200 3181 curandae
1215 3115 1249 3181 dt
1263 3107 1465 3208 evigilanda,
1484 3131 1533 3184 tot
1544 3109 1666 3212 scopuli
1718 3175 1732 3189 ..

616 3210 927 3316 praetemavigandi,
950 3231 986 3283 ut
1005 3209 1143 3309 refugiat
1166 3217 1291 3284 animus
1308 3209 1564 3288 recordationem
1579 3213 1667 3288 fatti.

617 3318 666 3391 dii
686 3339 779 3415 atque
797 3313 1100 3415 reprehensionum,
1121 3316 1234 3414 quibus
1249 3313 1354 3388 editor
1392 3322 1549 3418 uicunque
1562 3344 1666 3390 novus

618 3439 718 3519 caput
734 3421 855 3492 obiicit.
904 3417 1062 3492 lucendio
1076 3415 1222 3504 invidia,
1247 3424 1281 3491 dt
1300 3344 1416 3492 fastidii
1427 3473 1438 3503 ,
1457 3427 1491 3493 dt
1510 3421 1666 3495 llomacbi

618 3529 781 3608 occurrit,
801 3526 940 3622 quisquis
953 3525 1037 3595 hanc
1052 3520 1158 3593 aleam
1174 3523 1287 3608 iaciat3
1307 3526 1359 3593 cui
1377 3519 1528 3596 incendio
1543 3530 1597 3597 vix
1611 3550 1667 3597 au-

617 3626 684 3700 sun
698 3651 807 3697 meam
819 3625 1091 3698 existimationem
1102 3618 1206 3695 rursus
1220 3630 1440 3709 committere,
1459 3626 1667 3727 posteaquam
1745 3705 1747 3710 ,

618 3736 654 3802 in
668 3728 729 3802 illo
742 3752 846 3827 rogo,
868 3754 969 3828 quem
984 3723 1103 3827 Caspar
1115 3730 1318 3800 Burmannus
1332 3723 1374 3800 ad
1390 3734 1573 3816 Petronium
1590 3753 1669 3801 con·

619 3832 796 3916 struxerat,
819 3857 910 3930 pane
926 3830 1147 3927 conflagravit.
1199 3827 1298 3930 Qod
1314 3834 1402 3902 enim
1418 3833 1501 3902 mihi
1519 3837 1669 3931 contigit,

619 3959 659 4008 ut
672 3933 843 4032 indigner,
865 3954 901 4006 ut
914 3931 1114 4018 stomacher,
1136 3953 1173 4004 ut
1186 3926 1323 4019 saeviam,
1340 3958 1417 4004 cum
1429 3929 1670 4021 casaubonum,

620 4033 677 4113 sed
691 4057 848 4137 quantum
859 4040 970 4124 beroa,
982 4044 1017 4110 in
1030 4036 1168 4129 Polybio
1180 4032 1321 4119 videam,
1335 4041 1370 4108 in
1383 4039 1542 4110 Cicerone
1556 4041 1672 4111 Visio-

622 4146 729 4226 rium,
748 4139 829 4212 alios
844 4136 1129 4213 divinosbominer
1144 4144 1180 4210 in
1192 4139 1259 4211 aliis
1274 4139 1470 4225 rudioribus,
1494 4137 1548 4212 seu
1562 4166 1671 4214 errore

623 4263 826 4328 occxecator,
844 4236 897 4313 seu
912 4240 1044 4316 libidine
1054 4248 1096 4364 gt
1108 4247 1352 4341 intemperantia
1370 4245 1476 4328 adius,
1502 4270 1561 4341 pro
1576 4245 1671 4316 bonis

624 4346 819 4421 lessionibus
834 4365 976 4417 veterum
995 4345 1195 4431 editionum,
1218 4353 1382 4418 autetiam
1421 4371 1458 4417 ro
1476 4346 1595 4419 vitiofis
1611 4346 1673 4419 illia

624 4445 784 4554 quidem,
808 4452 846 4520 iis
867 4466 977 4524 tamen
994 4449 1211 4625 lectionibus&
1227 4472 1246 4520 e
1262 4372 1460 4553 quibus'dtie
1475 4449 1559 4523 clara
1574 4456 1610 4623 pt
1626 4454 1675 4522 in·

1236 4575 1255 4647 ς
1589 4577 1678 4654 ignia
