4575 5592
681 667 755 740 no
774 665 929 739 even
953 665 1163 752 norrun
1186 661 1535 764 portionum,
1557 689 1621 744 ιιι

582 855 729 942 tllutun,
747 880 791 928 ex
805 858 852 940 iir,
873 877 942 954 quo
961 823 1123 954 supersunt
1137 848 1243 925 secere
1256 853 1474 927 coniedlurem
1489 845 1624 934 t'eibunt.
1712 923 1714 930 .

580 965 739 1040 Omnium
762 983 841 1030 vero
859 960 1003 1030 maxime
1021 953 1110 1058 quod
1137 952 1268 1028 doleant
1296 958 1430 1041 habent,
1456 962 1509 1057 qui
1535 957 1624 1057 gell·

580 1069 743 1140 maiorum
755 1086 797 1133 eo
809 1065 920 1134 mimo
938 1059 1068 1159 legunt,
1092 1078 1129 1133 ut
1145 1056 1187 1132 ad
1203 1064 1274 1132 vitae
1291 1054 1383 1132 usum
1400 1060 1452 1132 ille
1467 1055 1624 1151 reserant,

581 1173 699 1268 quique
712 1161 981 1238 dodltinaecivilir
996 1171 1029 1236 dt
1045 1161 1163 1236 bellica
1179 1158 1290 1234 serium
1307 1167 1528 1263 cognitionem
1542 1191 1623 1263 prae.

579 1266 807 1345 llrntilfimum
825 1264 961 1340 lrilloriae
980 1262 1128 1366 legende
1141 1262 1284 1342 fructum
1301 1287 1429 1365 potant:
1452 1292 1558 1367 neque
1570 1295 1626 1342 ne.

579 1370 699 1458 sciunt,
714 1367 777 1446 suit
790 1368 994 1470 potissumum
1007 1370 1192 1459 utilitatibus
1207 1375 1363 1442 eximium
1379 1374 1464 1443 hunc
1477 1376 1512 1444 ἀ
1527 1387 1626 1450 πολι,

581 1469 779 1554 emdroerer
805 1471 992 1573 scriptorem
1019 1468 1109 1546 iviffe
1133 1469 1325 1548 consultum.
1383 1478 1428 1546 At
1458 1479 1627 1550 enimvero

580 1585 632 1654 eui
660 1579 752 1650 bono
769 1574 878 1650 amisse
900 1574 1038 1664 deflere,
1059 1573 1119 1650 nist
1137 1601 1252 1650 eorum
1272 1572 1430 1650 desiderio
1449 1582 1629 1654 excitentur

751 1678 985 1765 adolescentes,
1012 1700 1050 1752 ut
1069 1697 1159 1754 tento
1181 1677 1380 1779 diligentius,
1408 1707 1477 1782 quae
1499 1680 1627 1770 reslmt,

580 1786 683 1860 velint
699 1779 915 1884 cognoscere,
939 1791 974 1858 ἀ
988 1787 1057 1858 hoe
1064 1785 1127 1856 Dei
1145 1784 1304 1857 beneficio
1317 1779 1458 1885 perimi?
1482 1782 1628 1890 &sinant

581 1894 680 1989 igitur
702 1888 862 1962 inutilium
884 1888 1087 1988 querelarum
1106 1913 1187 1959 rerae
1209 1885 1363 1962 dodln'nae
1389 1884 1569 1974 candidati,
1594 1895 1630 1970 δι

582 1993 758 2085 Polybium
787 2009 885 2092 quetn
918 2017 1007 2063 nune
1036 1985 1222 2076 offerimur,
1259 2017 1329 2065 non
1364 1990 1457 2074 illurn
1490 1990 1627 2092 quidem

580 2101 767 2194 integrum,
796 2090 852 2168 sed
875 2092 1004 2196 qualem
1032 2115 1141 2168 tamen
1169 2088 1270 2166 neruo
1293 2092 1399 2168 adbuc
1422 2091 1519 2180 vidit,
1545 2101 1629 2193 greti

581 2193 1628 2401 addititii?rtlsspllilltriti‘{lilii

582 2413 617 2480 dt
636 2407 775 2506 publice
792 2407 841 2477 rei
860 2404 1007 2478 literatiee
1028 2402 1235 2503 gratulentur.
1286 2405 1358 2478 Nor
1370 2402 1505 2505 quidem
1524 2425 1628 2481 totum

582 2507 909 2602 polybii-historiam-
920 2531 989 2581 non
1009 2502 1217 2592 dernut,sed
1237 2505 1288 2579 vel
1306 2512 1340 2580 in
1356 2528 1421 2580 tote
1434 2512 1628 2597 eminebant,

581 2639 619 2686 ea
640 2610 710 2702 sine
729 2611 834 2684 dubio
852 2609 978 2686 demun
1024 2615 1067 2684 Er
1082 2607 1228 2686 fonnem
1244 2609 1377 2712 quidem
1390 2608 1541 2685 universae
1556 2609 1629 2688 serie
1662 2669 1665 2674 .

581 2721 720 2818 peinais,
745 2710 917 2816 ipsumque
932 2711 1016 2788 odeo
1029 2717 1167 2788 eudlotis
1185 2718 1337 2813 genium,
1361 2722 1499 2814 eprima
1511 2716 1629 2792 noslrte

581 2818 734 2893 editionis
756 2839 876 2918 parte,
888 2839 960 2918 φιτ
980 2822 1103 2917 integra
1116 2823 1151 2891 ἅ
1167 2815 1232 2890 line
1249 2822 1478 2893 imminutione
1492 2819 1557 2894 ullu
1570 2847 1630 2894 no·

582 2923 669 2996 rabili
685 2920 726 2995 ad
741 2948 802 2996 nos
816 2928 978 3020 pervenit,
1001 2920 1077 2993 licet
1090 2919 1252 3021 hodieque
1265 2917 1470 3019 cognoscere.
1521 2924 1631 3003 Multa

580 3024 717 3103 lludiosr
742 3031 777 3098 in
801 3025 927 3098 duobut
956 3030 1193 3123 preparationis
1223 3023 1313 3097 libris
1343 3031 1524 3111 invenient,
1557 3053 1630 3099 nur·

581 3122 1631 3333 tntilli·diffidi‘iqussit‘litlssilid

581 3339 635 3414 da.
689 3341 802 3409 Punici
822 3337 919 3435 primi
937 3333 1103 3407 hisloriam
1124 3359 1194 3407 non
1211 3334 1305 3434 plene
1319 3332 1449 3436 quidem
1465 3337 1507 3410 ibi
1523 3355 1630 3411 namt

581 3443 760 3534 Polybius,
782 3464 887 3538 neque
907 3442 997 3510 enim
1015 3434 1049 3510 id
1066 3440 1200 3535 agebam
1226 3443 1268 3509 ita
1281 3457 1408 3526 temen,
1432 3458 1467 3512 ut
1481 3440 1580 3513 hodie
1595 3446 1633 3515 iu

580 3565 670 3618 tanta
698 3544 862 3615 bonorum
887 3541 1048 3614 librorum
1077 3545 1253 3641 paucitate,
1282 3543 1373 3642 plura
1402 3541 1443 3616 de
1474 3570 1513 3616 eo
1542 3544 1630 3617 bello

582 3675 666 3722 unue
689 3651 745 3718 hic
766 3671 864 3745 quum
889 3643 942 3717 ulii
967 3667 1084 3717 omnes
1106 3668 1169 3717 noe
1191 3642 1314 3722 docent
1354 3645 1442 3719 idem
1462 3644 1504 3719 de
1528 3648 1633 3735 belin,

581 3779 655 3855 quae
670 3752 813 3821 Romani
828 3773 907 3821 eom
919 3746 1019 3820 Gallie
1036 3752 1071 3819 in
1086 3746 1176 3821 Italic
1190 3745 1382 3848 degentibus
1396 3746 1567 3850 gellemnt,
1584 3750 1631 3825 est

583 3850 792 3928 censendum
844 3852 960 3945 Libyci
979 3875 1058 3923 vero
1080 3849 1416 3949 Carthaginiensium,
1441 3855 1549 3928 multis
1571 3881 1633 3930 no·

584 3957 727 4030 minibus
738 3982 817 4029 eum
827 3960 941 4055 primic
955 3954 1183 4037 memorabilis,
1202 3954 1365 4030 historiam
1377 3961 1432 4029 uni
1447 3963 1521 4031 huic
1533 3955 1632 4033 debe-

582 4087 669 4134 mur.
716 4062 812 4158 Reip.
827 4062 1024 4130 Achaeonnn
1047 4055 1213 4157 quondum
1234 4057 1463 4146 multidine,
1487 4069 1637 4162 primam

582 4161 836 4248 iustitutionem,
865 4179 1037 4256 augmenta
1058 4165 1093 4233 dt
1111 4156 1256 4234 fonnem
1278 4188 1318 4236 ex
1341 4164 1458 4238 eodem
1478 4189 1634 4266 apparatu
1749 4187 1751 4192 '

584 4260 826 4366 cognoscimur,
878 4265 983 4349 Tree,
1004 4269 1060 4364 qui
1080 4259 1199 4335 deinde
1213 4260 1384 4365 sequuntur
1400 4267 1534 4341 historiae
1549 4272 1633 4370 legi·

584 4375 671 4442 timae
693 4373 816 4468 primi,
840 4385 972 4465 propter
989 4360 1119 4442 subiesli
1139 4369 1420 4467 magnitudinem,
1446 4380 1633 4446 varietatem

585 4477 783 4574 ingentem,
804 4487 985 4552 autunum
1003 4475 1076 4570 ciue
1097 4473 1339 4567 metatorem,
1370 4472 1545 4564 dodlriuae,
1567 4503 1632 4597 pun

1157 4600 1177 4647 c
1200 4599 1222 4680 ¹5
1554 4605 1631 4652 crur-
