4575 5592
679 693 737 756 aa
800 675 823 714 ··
855 671 918 744 ts.
941 651 1247 742 cisivuont
1268 666 1569 744 martiri-0¹

678 853 774 962 polle
794 859 954 932 Romanis
975 851 1102 941 oblilli,
1127 855 1235 927 multo
1257 873 1333 926 ante
1395 861 1459 928 triae
1482 849 1591 928 calum
1616 849 1736 956 ptul'pi·
1776 891 1783 910 ⁴

682 971 790 1048 ciens,
812 959 897 1033 nihil
917 956 1175 1058 praetermiserat,
1193 983 1262 1058 quo
1284 881 1393 1058 pauli
1406 957 1589 1056 progreffus
1607 959 1736 1036 illorum

588 1109 592 1125 ·
681 1060 914 1165 impediendo,
935 1068 1161 1136 imminentem
1179 1063 1312 1160 reipubl.
1327 1067 1519 1134 Aelurorum
1539 1067 1666 1135 ruinart
1683 1087 1736 1136 aut

683 1193 805 1252 arcere,
826 1187 880 1238 aut
893 1163 1039 1238 tardare·
1082 1169 1205 1236 Verum
1219 1161 1291 1236 fatis'
1306 1169 1419 1238 omnia
1434 1164 1475 1236 ad
1492 1169 1661 1238 Romanos
1675 1187 1736 1238 tra·

680 1272 846 1354 bentibus,
862 1273 957 1342 rectis
971 1265 1034 1341 suis
1046 1265 1185 1339 consiliis
1198 1268 1362 1360 Polybius,
1380 1293 1446 1339 non
1461 1289 1582 1342 tautam
1598 1279 1736 1366 gratiam

684 1403 709 1450 a
728 1371 852 1446 civibus
873 1375 959 1457 iniit,
986 1391 1141 1474 quantam
1163 1371 1249 1443 bello
1270 1369 1368 1442 Persis
1388 1365 1543 1442 offensam
1559 1369 1648 1470 apud
1671 1377 1737 1446 Ro·

688 1481 804 1552 manos
820 1483 995 1548 contraxit:
1019 1501 1117 1576 quarn
1133 1499 1213 1546 atrox
1227 1476 1369 1546 Romam
1384 1480 1518 1560 accitus,
1542 1474 1636 1572 longi
1651 1475 1738 1548 exilii
1770 1477 1776 1490 '

690 1577 789 1653 tacdio
800 1583 951 1676 expiavit.
999 1575 1190 1662 Sedenim,
1212 1583 1265 1675 qni
1281 1603 1340 1670 ptr
1354 1584 1503 1650 virtutem
1511 1583 1655 1670 paritet,
1672 1601 1738 1652 noa
1779 1651 1782 1658 ,

680 1688 747 1782 pol
758 1687 888 1757 interit:
925 1676 1012 1754 saluti
1027 1678 1259 1762 fuit,claritndo
1275 1684 1417 1750 nominis
1432 1681 1524 1752 bortis
1538 1679 1737 1754 collecta-rit-

690 1788 794 1872 tibus,
826 1782 934 1856 &illa
956 1779 1040 1884 ipsa,
1062 1809 1131 1883 quae
1154 1779 1320 1854 adflixerat
1344 1787 1452 1854 virtus.
1507 1789 1609 1880 Igitur
1628 1781 1738 1882 deprc-

691 1887 853 1962 tatoribus
871 1884 958 1986 apud
979 1881 1123 1960 senatum
1149 1881 1219 1956 usus
1241 1889 1367 1956 Catone
1388 1879 1562 1971 Censorio,
1588 1891 1740 1986 Scipione

681 1989 883 2076 -AEmiliano,
903 2009 936 2060 ct
955 1989 1026 2062 aliis
1047 1993 1206 2060 Romanis
1226 1989 1433 2088 proceribus,
1453 1989 1586 2062 libertati
1607 1989 1739 2062 rettimi·
1779 2021 1783 2034 ·

691 2115 745 2168 tur
759 2092 932 2186 Polybius,
952 2097 1006 2192 qui
1020 2085 1168 2164 libertatis
1183 2098 1314 2188 potitus,
1337 2092 1389 2184 ubi
1407 2087 1502 2164 semel
1517 2089 1602 2191 apud
1618 2087 1650 2165 le
1663 2091 1743 2166 con·¹

692 2192 854 2281 llituiller,
882 2194 1009 2268 nullam
1030 2199 1153 2268 Achaeis
1179 2191 1258 2278 suis,
1284 2191 1342 2269 nili
1373 2199 1406 2266 in
1431 2199 1571 2266 amicitia
1598 2199 1655 2268 Po.
1676 2199 1739 2270 Ro.

691 2296 783 2402 spem
806 2293 979 2400 supereffe,
999 2296 1039 2370 ad
1061 2294 1236 2370 colendam
1255 2298 1340 2370 bona
1355 2295 1420 2370 fide
1439 2299 1637 2372 maiestatem
1656 2299 1740 2374 illius
1772 2303 1782 2328 ⁵

700 2417 705 2426 '
741 2401 810 2503 puli
831 2397 1018 2487 conuersus,
1035 2427 1097 2500 pro
1120 2395 1173 2472 l'ua
1192 2395 1342 2500 sapientia
1361 2395 1423 2472 suis
1438 2397 1503 2500 ipse
1518 2402 1662 2476 moribus
1677 2399 1739 2476 srbi
1770 2447 1775 2457 ·

692 2429 860 2582 iirtunam
876 2505 980 2578 linxit.
1014 2509 1102 2578 Narra
1116 2509 1216 2604 patria
1231 2501 1365 2602 quidem
1380 2501 1475 2604 ipfius
1490 2503 1650 2606 aliquanto
1665 2503 1740 2608 poll

691 2612 831 2681 immani
852 2601 906 2680 lua
926 2606 1021 2706 culpa
1043 2611 1178 2680 exitium
1199 2603 1255 2678 fibi
1271 2613 1429 2696 concivit3
1453 2607 1542 2680 bello
1558 2611 1739 2684 Achaico·

693 2713 865 2785 Mummio
880 2708 1003 2795 deleta,
1021 2715 1263 2783 &Aelurorum
1278 2705 1379 2782 soluto
1395 2711 1552 2799 concili03
1577 2737 1677 2812 quum
1690 2717 1741 2786 in·

694 2819 790 2887 terim
809 2811 963 2906 Polybius
981 2811 1204 2914 tranquillitate
1223 2814 1274 2884 illa
1295 2809 1467 2898 frueretur,
1495 2841 1595 2914 quarn
1614 2809 1739 2888 suasmet
1765 2889 1768 2896 ,

691 2911 762 3018 ipse
786 2912 953 3018 prudentia
982 2921 1017 2988 ἀ
1049 2914 1237 2988 admiranda
1270 2910 1420 3014 sapientia
1455 2912 1512 2988 libi
1545 2913 1738 3018 quaestvcnt.

694 3017 811 3106 Idem,
825 3045 926 3119 quum
946 3025 981 3090 in
999 3020 1078 3090 urbe
1095 3018 1307 3091 dominatrice
1330 3019 1450 3091 multos
1467 3045 1569 3092 annos
1584 3025 1741 3122 Scipioni,

694 3121 795 3197 Laelio
816 3129 851 3194 δι
872 3121 941 3194 aliis
961 3127 1059 3194 aetatis
1075 3121 1158 3194 illius
1173 3127 1247 3194 viris
1266 3127 1441 3221 primariis,
1462 3127 1611 3221 privatim
1626 3129 1739 3200 chama

681 3229 829 3312 'vixerim
852 3225 994 3326 patribus
1007 3251 1136 3325 quoquc
1149 3245 1307 3324 acceptus,
1320 3233 1354 3296 ὅ(
1368 3229 1462 3296 unice
1477 3227 1647 3324 probatus3
1667 3255 1740 3328 gra.

694 3334 751 3414 tia,
775 3355 836 3428 qua
854 3329 1000 3428 pollebat
1012 3327 1096 3427 apud
1109 3334 1269 3426 principes
1282 3331 1425 3402 Romani
1437 3335 1590 3416 nominis,
1614 3357 1684 3404 non
1697 3329 1740 3406 ad

568 3507 576 3531 ,
694 3457 773 3530 opes
792 3430 849 3504 libi
872 3429 1052 3516 llrucndas,
1072 3457 1165 3502 more
1183 3432 1381 3517 multorum,
1406 3429 1451 3502 ell
1465 3425 1554 3504 ulus:
1577 3441 1741 3510 vetum'in

696 3532 900 3608 occalioncm
921 3541 1030 3622 vertit,
1054 3540 1170 3634 partim
1192 3561 1240 3606 rcs
1259 3560 1392 3632 magnas
1414 3532 1570 3632 gerendi3
1603 3555 1638 3608 ut
1661 3565 1739 3612 cum

694 3643 838 3738 Scipioni
862 3641 1063 3737 Carthaginis
1082 3635 1244 3709 excidium
1269 3644 1301 3710 in
1323 3636 1429 3709 Africa
1450 3638 1612 3725 molienti,
1635 3647 1741 3714 comi·
1770 3711 1774 3728 ,

693 3761 761 3814 tem
782 3735 864 3828 lest,
883 3747 917 3814 ua
933 3741 1146 3814 conciliorum
1163 3739 1371 3840 laborumque
1383 3745 1533 3814 onmium
1547 3747 1739 3842 participem

694 3845 848 3944 praebuit:
872 3870 939 3945 quo
963 3851 1060 3916 eriam
1083 3864 1245 3942 tempore,
1268 3841 1360 3914 clalle
1382 3871 1399 3914 a
1421 3849 1573 3942 Scipione
1595 3869 1738 3946 accepta,

694 3971 784 4020 mare
799 3947 994 4018 Atlanticum
1016 3945 1173 4022 [nutandi
1196 3937 1276 4018 illius
1296 3947 1382 4017 orbis
1401 3943 1589 4033 cauffa‚-etl
1601 3954 1739 4022 circum.

694 4053 822 4123 vetius:
841 4057 957 4147 partim
974 4053 1053 4122 berte
1065 4047 1107 4120 tle
1120 4051 1324 4133 bominibus,
1346 4043 1516 4148 prasertim
1533 4055 1649 4124 Grauis
1665 4045 1739 4140 luis,
1781 4093 1782 4098 κ

693 4151 851 4227 merendi.
903 4153 1112 4224 Tcllirnortio
1132 4152 1192 4224 lint
1214 4149 1319 4223 llatuae
1336 4177 1411 4223 cum
1424 4154 1625 4252 amplillrmis
1639 4155 1740 4228 titulis

692 4281 753 4356 per
773 4253 894 4354 oppida
915 4259 1062 4341 Gracia,
1093 4253 1184 4356 quod
1208 4250 1313 4326 scribit
1338 4249 1518 4342 Paulinias,
1548 4259 1592 4330 illi
1616 4255 1738 4356 positar,

691 4361 788 4434 Dicat
806 4363 870 4429 hoc
888 4353 1042 4458 ipsum&
1060 4363 1168 4432 civitas
1185 4362 1361 4430 Locrorum
1381 4363 1413 4428 in
1427 4360 1535 4446 ltalia,
1559 4387 1629 4462 quae
1642 4363 1738 4436 liuius

691 4485 757 4564 ope
774 4465 1013 4536 immunitatem
1032 4459 1275 4536 durillirnotum
1294 4465 1567 4552 onaan-tacta,
1595 4489 1737 4568 quorum

738 4609 741 4614 -
1655 4593 1736 4664 pra:-
