4575 5592
681 635 755 710 nl>
775 634 927 710 SVAM
946 631 1156 708 POLYBII
1178 629 1505 726 EDITIONEM.
1536 661 1628 713 xxxa

582 825 748 925 plicationi
763 816 1173 924 &observationibusque
1186 817 1304 896 eodem
1318 824 1527 922 pertinebant.
1553 827 1630 897 Pro·

583 921 689 1028 pterea
714 923 884 996 historiam
905 920 995 998 suam
1017 917 1270 1025 πραγματικὴν
1285 951 1421 1011 vocaus,
1469 923 1537 1000 uod
1551 922 1630 1000 effer

585 1051 649 1102 tota
670 1025 712 1100 de
732 1033 872 1126 negotiis
891 1026 987 1128 gellis
1007 1049 1064 1100 aut
1084 1027 1191 1116 bellis3
1209 1053 1271 1100 nec
1289 1053 1358 1102 nou
1375 953 1646 1120 desolatorium,

582 1153 713 1234 propter
726 1129 954 1204 certitudinem
965 1135 1206 1218 narrationum,
1226 1128 1261 1206 id
1274 1126 1306 1202 se
1319 1157 1414 1230 agere
1426 1128 1575 1218 ostendit,
1590 1161 1629 1206 ac

583 1233 692 1336 lzpius
705 1235 863 1322 inculcat,
884 1253 918 1306 ut
931 1235 983 1308 uel
994 1255 1095 1308 artem
1108 1231 1283 1336 quandam,
1303 1241 1337 1307 ἁ
1352 1257 1386 1306 ut
1399 1229 1464 1332 ipse
1475 1234 1629 1333 loquitur,

581 1327 762 1436 pedrdreaie
782 1339 960 1434 ἐμπειρίαν
980 1364 1088 1410 rerum
1106 1332 1321 1436 gerendarum
1338 1335 1474 1436 politicis
1487 1341 1630 1412 homiui·

581 1445 639 1516 bus
653 1445 838 1514 concinnet,
889 1441 1128 1614 Oparnobrem,
1150 1437 1230 1514 licut
1249 1466 1362 1512 verum
1377 1437 1422 1511 ess
1436 1437 1554 1526 dicere,
1567 1445 1629 1518 Po,-

583 1547 712 1640 lybium
735 1541 901 1616 hilloriam
940 1549 971 1618 ui
994 1549 1149 1642 temporie
1166 1539 1337 1644 seriplill'e3
1368 1547 1410 1616 ita
1430 1569 1499 1616 non
1520 1549 1628 1618 minue

582 1675 700 1722 rerum
720 1643 767 1718 eil
791 1641 918 1732 dicere,
942 1647 1117 1740 Polybium
1140 1653 1174 1719 in
1196 1646 1326 1720 ln'lloria
1347 1673 1443 1746 quam
1464 1642 1628 1734 scribebat,

581 1755 698 1854 praxin
719 1749 857 1848 politica
878 1747 1031 1822 dodlrinae
1051 1755 1085 1822 dt
1100 1745 1271 1850 disciplina·
1288 1749 1431 1822 militaris
1444 1745 1627 1824 exercuill'e.

582 1853 676 1931 Nihss
691 1851 763 1938 ille,
789 1851 899 1951 paullo
913 1847 1082 1950 prasertim
1101 1859 1232 1924 maioris
1254 1859 1433 1938 momenti,
1455 1873 1560 1924 narrat
1579 1850 1628 1924 fa·
1712 1889 1722 1925 e

581 1963 685 2042 (luna,
699 1963 790 2028 cuim
802 1979 872 2026 non
886 1951 996 2028 afferat
1009 1961 1043 2028 dt
1058 1953 1277 2029 antecedentes
1286 1962 1321 2030 dt
1335 1961 1527 2028 coherentes
1541 1951 1626 2028 caul-

581 2061 625 2136 las
643 2087 703 2134 cur
722 2063 764 2130 ita
785 2057 823 2130 lit
844 2054 986 2143 facturn,
1009 2080 1065 2132 aut
1085 2071 1143 2130 cur
1161 2083 1236 2132 eum
1256 2060 1402 2132 habuerit
1425 2084 1473 2130 ree
1494 2063 1626 2133 exitum.

581 2163 676 2240 sunul
689 2181 799 2234 autem
813 2166 848 2234 dt
862 2159 1003 2234 modum
1016 2182 1161 2234 accurate
1175 2161 1324 2262 explicat,
1338 2186 1405 2262 quo
1419 2159 1543 2258 lingula
1557 2156 1627 2232 l'uc.

580 2276 642 2342 rint
666 2263 896 2338 administrata.
945 2267 1033 2338 Hinc
1055 2265 1115 2336 illae
1136 2291 1204 2336 non
1231 2261 1442 2365 infrequentes
1461 2259 1624 2361 digressio·

580 2399 654 2456 ner,
675 2370 794 2470 quibus
808 2391 862 2440 aut
873 2367 1179 2465 naturamlocorum
1194 2363 1349 2454 declarat3
1373 2393 1434 2464 qua
1448 2392 1518 2438 non
1539 2371 1626 2465 priua

581 2475 681 2577 probe
703 2476 855 2568 cognita,
878 2470 1060 2571 praeliorum
1084 2465 1354 2570 descriptiones&
1370 2467 1486 2542 similes
1501 2465 1626 2570 expoli-
1736 2491 1740 2498 ·

584 2587 704 2662 tiones,
731 2600 842 2658 caecae,
866 2587 958 2660 (nam
984 2570 1029 2644 lic
1055 2569 1121 2674 ipse
1142 2572 1297 2674 appellat)
1325 2570 1386 2644 lint
1409 2569 1540 2646 futurae:
1569 2594 1625 2646 aut

581 2676 716 2783 aliquod
730 2683 897 2750 theorema
909 2677 1078 2775 politicum
1097 2704 1138 2752 err
1157 2671 1298 2776 professo
1312 2672 1517 2778 persequitur.
1571 2679 1641 2746 Sic'

581 2787 664 2858 libro
684 2809 728 2856 11.
758 2777 870 2852 caullae
899 2800 1082 2879 quaeruntur
1102 2779 1256 2854 mirabilis
1276 2784 1466 2852 incrementi
1488 2779 1624 2876 reipubl.

582 2893 790 2962 hcbaeorum.
840 2885 894 2955 Sic
913 2883 994 2955 libro
1013 2911 1065 2958 ιν.
1087 2879 1128 2954 de
1150 2871 1339 2956 miseromm
1362 2879 1626 2975 Cynartlrensrum

581 2989 780 3072 infelicitate,
799 2992 834 3060 dt
849 2993 915 3058 eius
930 2983 1051 3072 caullis,
1070 2985 1177 3058 multis
1193 2981 1357 3058 diss'eritur.
1410 2989 1462 3056 Sic
1478 2984 1560 3055 libro
1576 3010 1623 3059 rx.

582 3093 623 3168 de
643 3091 840 3166 institutione
863 3094 1080 3189 imperatoris,
1105 3095 1140 3162 dt
1160 3086 1330 3187 disciplinis
1345 3113 1467 3186 magno
1480 3085 1552 3158 duci
1570 3113 1625 3158 ne·

582 3191 718 3271 ceffariis
733 3191 913 3279 dodillmre
929 3187 1114 3290 disputatur.
1168 3197 1220 3265 Sic
1231 3192 1316 3264 libro
1326 3219 1356 3262 x.
1371 3196 1452 3262 ratio
1467 3209 1533 3262 tota
1549 3186 1624 3264 dan·

581 3300 703 3374 dorum
716 3294 885 3394 lignorum
900 3323 958 3394 per
970 3293 1067 3381 facee,
1079 3323 1143 3395 qua
1155 3295 1306 3379 multum,
1320 3293 1414 3394 idque
1428 3291 1624 3380 mirabiliter,

581 3401 630 3478 usr
644 3399 716 3474 lunt
728 3421 860 3484 veteres,
880 3425 947 3470 non
958 3393 1065 3472 solum
1079 3405 1268 3496 exponitur,
1293 3393 1346 3468 sed
1359 3404 1392 3470 ἅ
1407 3400 1499 3470 novis
1514 3401 1625 3467 iuven·

580 3507 723 3582 tionibus
737 3499 832 3601 iplius
845 3505 983 3575 audloris
997 3501 1182 3600 perpolitur.
1208 3506 1261 3573 Sic
1274 3501 1356 3572 libro
1373 3529 1462 3574 xvn.
1478 3525 1533 3569 cur
1549 3503 1624 3596 pha-

581 3611 713 3710 langem
732 3601 1003 3690 Macedonicam,
1028 3601 1184 3677 creditam
1204 3611 1289 3704 prius
1308 3598 1370 3674 elle
1392 3603 1624 3686 invincibilem,

579 3721 614 3789 ἀ
630 3735 821 3813 quaererem
837 3707 906 3802 talis
920 3728 1029 3779 natura
1044 3704 1095 3779 sua
1113 3727 1191 3793 erat,
1217 3711 1375 3780 Romanae
1387 3707 1529 3805 legiones
1542 3700 1623 3803 sape

579 3809 744 3895 vicilleut,
769 3811 984 3908 pulcherrime
1006 3808 1159 3894 docetur,
1181 3815 1309 3910 eiusque
1330 3814 1375 3880 rei
1396 3805 1505 3882 cauffae
1519 3814 1628 3880 mani·

580 3917 753 3993 fellitlimar
770 3911 1007 4014 certissimaeque
1024 3909 1208 3984 eliciuntur.
1258 3915 1311 3984 Sic
1332 3911 1434 3986 multa
1454 3909 1566 4010 pallini
1583 3909 1624 3984 de

582 4022 694 4096 officio
716 4013 877 4100 hillorici,
902 4023 936 4088 ἀ
959 4017 1109 4114 legitimae
1129 4015 1266 4087 hilloriae
1286 4033 1418 4101 natura,
1438 4009 1623 4086 inseruntur.

581 4129 691 4198 Totus
704 4145 836 4223 quoque
849 4120 927 4192 liber
941 4115 1061 4203 sextus,
1083 4113 1234 4216 digrellio
1247 4114 1395 4219 quadam
1414 4115 1458 4188 eil
1473 4145 1491 4188 a
1506 4140 1624 4216 propo·

581 4229 638 4306 fita
648 4228 846 4310 narratione,
860 4217 912 4292 led
925 4224 1033 4296 Deum
1048 4221 1278 4306 immortalem,
1291 4245 1389 4322 quam
1397 4245 1438 4292 ex
1449 4213 1518 4305 usu,
1524 4245 1622 4320 quam

582 4331 700 4420 doeh,
725 4351 828 4428 quam
851 4321 974 4397 divina!
1011 4351 1088 4396 cum
1113 4351 1177 4422 qua
1203 4321 1489 4424 licomponantur
1509 4346 1623 4396 omnes

579 4423 1153 4538 wmaudlorundigrellimer,
1165 4424 1247 4505 nihil
1260 4425 1362 4503 limile
1378 4429 1532 4512 invenias,
1543 4423 1623 4600 ”llll

1322 4559 1324 4564 '
1556 4547 1577 4598 ll
