4575 5592
665 689 913 766 tusvnn
934 645 1146 770 ἰοιιιιι
1169 687 1497 767 nutrionan.
1541 717 1607 768 nx

566 875 698 952 iallruit:
720 882 876 962 monitio,
896 875 1077 980 prudentia,
1093 903 1163 979 quae
1177 873 1396 951 observatione
1407 877 1528 954 assidua
1542 881 1609 956 col·

561 983 668 1082 ligitur
689 977 888 1067 caussarum,
914 1001 1105 1054 eventorum
1128 989 1163 1054 ἀ
1184 987 1339 1053 οιιιιιῑιιιιι
1360 1009 1466 1056 rerum
1489 989 1522 1057 in
1542 991 1606 1058 vita

560 1087 735 1158 bominum
762 1089 894 1157 evenire
920 1079 1095 1156 solitarum.
1147 1086 1307 1164 Praeclare
1335 1089 1531 1184 Peripatetici
1558 1084 1605 1160 di·
1694 1127 1701 1150 ι

561 1209 654 1272 cruat,
684 1193 832 1286 generari
855 1182 1059 1286 prudentiam
1078 1181 1118 1286 ἐξ
1144 1183 1355 1272 introierat,
1387 1185 1634 1264 observandoe.

560 1285 677 1364 &sore
693 1287 910 1390 prudentem,
928 1295 1067 1390 quiaquia
1080 1287 1178 1362 fuerit
1197 1283 1416 1368 ἕπιςατικέι.
1438 1287 1607 1365 observan-

560 1391 593 1466 di
618 1389 797 1488 ssudiol'ua3
822 1419 861 1465 ae
879 1397 951 1465 vice
969 1389 1057 1464 versa
1077 1417 1214 1464 ornnem
1235 1390 1429 1493 prudentem
1452 1389 1514 1465 esse
1536 1402 1606 1472 ἔπι·

560 1491 712 1576 neemia.
764 1495 862 1568 Plena
880 1493 925 1566 ell
944 1496 1071 1588 Polybii
1089 1494 1217 1568 hilloria
1232 1497 1343 1568 talium
1359 1497 1608 1572 animadverlio·

559 1623 661 1684 uun13
678 1625 751 1700 quae
766 1599 852 1670 brevi
864 1594 1063 1698 compendio
1077 1599 1233 1671 lectorem
1248 1596 1288 1671 ad
1301 1596 1505 1698 prudentiam
1521 1605 1607 1675 tedia
1635 1670 1639 1681 ,

559 1699 701 1794 ducunt,
722 1707 757 1772 dr
778 1701 862 1773 illius
881 1699 974 1774 divae
996 1697 1090 1776 sacris
1109 1707 1243 1790 initiant.
1295 1705 1422 1776 Mirum
1444 1731 1521 1776 vero
1539 1731 1606 1805 quo

560 1801 678 1888 lludio,
722 1830 762 1875 ua
776 1797 1001 1889 sollicitudine,
1021 1829 1088 1904 quo
1104 1801 1221 1877 affectu
1236 1798 1267 1874 id
1283 1830 1383 1902 genus
1399 1813 1609 1894 monitiones,

560 1910 684 2009 quoties
695 1829 792 1978 datur
805 1901 949 1990 occasio,
967 1901 1108 1979 inserat..
1141 1912 1228 1978 Vere
1240 1903 1480 2006 philosophum,
1497 1907 1530 1982 id
1547 1910 1606 1997 est,

560 2029 726 2110 parentem
749 2034 966 2082 communem
985 2011 1266 2108 humanigcneris
1288 2007 1391 2095 dicas,
1425 2019 1479 2115 qui
1502 2010 1607 2088 rnodo

559 2113 681 2184 emelia
696 2111 888 2185 mortalibus
909 2118 944 2184 in
963 2107 1146 2185 universum
1164 2109 1307 2186 salutaria
1320 2112 1419 2188 didlat
1432 2136 1607 2217 pracepta3

562 2213 662 2288 modo
684 2219 839 2316 privatim
867 2218 952 2288 hanc
972 2234 1026 2286 aut
1052 2215 1140 2290 illam
1159 2236 1292 2314 gentem
1311 2211 1523 2292 familiarium
1551 2218 1608 2292 fibi

562 2339 772 2418 peccaturum
785 2315 954 2392 admonet.
982 2319 1036 2390 Sic
1049 2315 1317 2404 Mantincnlibus‚
1332 2319 1607 2413 Cynaetlrenlibus,

562 2421 644 2494 Eleis
660 2443 757 2524 atque
777 2425 849 2494 aliis
868 2423 998 2494 Graeciae
1012 2421 1160 2521 populis,
1186 2427 1372 2519 pertinentia
1387 2421 1426 2495 ad
1442 2431 1607 2523 propriarn

568 2529 712 2624 cuiusque
726 2525 863 2598 illorum
875 2519 1025 2607 salutem,
1046 2523 1101 2596 dat
1115 2523 1258 2599 consilia.
1308 2527 1360 2598 Sic
1377 2529 1556 2604 Romanos.
1573 2545 1607 2600 ut

573 2623 734 2700 obllimtae
753 2649 787 2698 et
808 2631 973 2728 praecipiti
994 2631 1207 2725 pervicaciae,
1236 2622 1316 2725 saepe
1342 2625 1416 2728 iplia
1442 2629 1608 2715 exitiabili,

572 2725 702 2804 ruodum
719 2729 874 2817 llatuant,
890 2735 1030 2829 grauiter
1042 2753 1242 2806 commonet.
1275 2735 1335 2803 ¹Sic
1350 2735 1478 2803 Graecos
1493 2758 1608 2804 ornnes

567 2859 631 2904 non
644 2829 744 2907 semel
759 2837 922 2919 hortatur,
941 2854 975 2905 ut
987 2835 1215 2905 Romanorum
1230 2839 1262 2904 in
1279 2830 1344 2904 lide
1359 2853 1528 2923 tnaneant;
1550 2834 1607 2908 sla·

565 2961 631 3008 tum
645 2933 838 3038 prasenteni
849 2964 890 3009 ne
903 2933 1090 3025 sollicitent;
1109 2941 1214 3008 otium
1226 2963 1291 3036 quo
1306 2934 1519 3023 abundabant,
1534 2964 1608 3010 cura

564 3041 766 3140 publicarum
790 3045 943 3112 omniurn
963 3065 1070 3112 retum
1088 3035 1130 3134 ad
1153 3042 1309 3112 viclorcnt
1331 3040 1488 3140 populum
1509 3059 1609 3112 trans·

565 3147 644 3228 lata,
669 3169 730 3215 ceu
751 3163 937 3242 opportuna
957 3139 1124 3214 occasione
1144 3162 1272 3214 utantur
1287 3141 1328 3216 ad
1344 3141 1443 3214 sludia
1457 3143 1607 3216 excolen-

567 3247 622 3330 da,
646 3273 717 3318 non
742 3252 896 3318 inertium
915 3247 1095 3328 literarum,
1119 3240 1396 3340 Ῑεάβιωφελῶν,
1418 3243 1512 3318 &ad
1536 3252 1608 3318 vitae

566 3351 706 3422 arbones
723 3349 863 3422 utilium.
900 3353 988 3450 Qin
1000 3353 1097 3420 etiam
1111 3371 1259 3446 apparet,
1277 3368 1369 3448 atque
1385 3352 1448 3420 hoc
1461 3343 1525 3446 ipse
1540 3376 1608 3421 non

565 3449 659 3524 semel
672 3450 820 3538 teslatur,
844 3447 982 3524 caussam
998 3444 1152 3524 scribendi
1174 3455 1266 3522 huius
1283 3456 1420 3550 ingentis
1441 3449 1607 3550 quondam

567 3561 690 3656 operis,
714 3553 767 3626 vel
780 3560 976 3654 praecipuam
991 3580 1067 3626 cum
1079 3549 1238 3637 habuisse,
1263 3579 1409 3625 arnorern
1424 3558 1550 3652 patriac3
1572 3573 1608 3626 ut

563 3679 771 3732 contumaces
784 3665 819 3732 ἀ
832 3656 872 3730 ad
885 3657 1051 3730 rebellium
1064 3680 1185 3754 pronos
1201 3651 1331 3728 suorum
1342 3662 1477 3748 animos,
1492 3683 1608 3754 parum

565 3761 667 3834 adbuc
683 3756 802 3833 servire
816 3757 970 3845 assumor,
988 3759 1029 3831 ad
1042 3764 1146 3858 pacis,
1168 3777 1229 3858 q'ua
1243 3755 1448 3844 fruebantur,
1474 3758 1530 3830 etsr
1550 3755 1607 3832 sub

566 3867 665 3938 alieno
681 3871 843 3964 irnperio,
862 3863 955 3935 firma
969 3869 1004 3934 ἀ
1017 3863 1122 3944 beata,
1144 3887 1289 3934 amorem
1306 3859 1494 3934 traduceret.
1533 3865 1608 3936 Pro·

567 3992 667 4070 pterea
681 3973 715 4042 in
729 3970 826 4040 rebus
837 3965 933 4066 gellis
945 3961 1146 4063 exponendis
1155 3958 1189 4034 id
1206 3970 1297 4036 unice
1312 3961 1463 4066 spedavit
1473 3962 1609 4063 semper,

568 4095 598 4146 ut
615 4079 735 4146 Gracia
754 4069 863 4144 fidem
879 4065 1017 4153 faceret,
1038 4092 1105 4139 non
1122 4065 1261 4138 fortunae
1281 4096 1397 4140 munus
1410 4065 1472 4140 else
1487 4073 1610 4141 Rorna-

570 4201 676 4252 notunr
697 4179 902 4276 imperium,
927 4167 980 4242 sed
1000 4195 1074 4242 vera
1094 4168 1165 4240 illos
1180 4175 1292 4242 virtute
1314 4169 1345 4242 id
1366 4169 1421 4243 fibi
1444 4168 1608 4270 peperisse,

568 4275 731 4386 sntllraque
744 4272 904 4352 adversus
916 4275 988 4348 illos
1003 4299 1092 4344 arma
1108 4278 1242 4370 eogitari
1251 4329 1261 4359 ,
1284 4299 1364 4374 quos
1378 4281 1411 4346 in
1433 4277 1488 4347 illa
1504 4277 1608 4348 ilatio·

569 4409 603 4454 ne
620 4383 679 4486 ipsa
700 4380 767 4457 suis
790 4376 886 4482 quast
904 4377 1049 4450 manibus
1072 4380 1170 4446 virtus
1196 4373 1383 4450 collocasset.
1436 4383 1477 4450 Et
1498 4381 1610 4450 'tamen

570 4485 643 4565 idttu
660 4495 717 4566 hic
735 4471 921 4590 patientiae
938 4474 1059 4563 suasor,
1084 4477 1241 4651 quaprdiu
1262 4477 1329 4580 spes
1349 4479 1453 4582 aliqua
1475 4481 1609 4655 rellalppt

1195 4607 1214 4654 a
1519 4610 1564 4684 po
1590 4610 1609 4656 e
