4575 5592
690 659 807 712 xxxvi
839 715 843 728 1
872 631 1254 707 recusaturum
1280 628 1559 706 PRAEFATIO

688 846 766 893 nem
780 811 932 919 equidem
945 814 1025 890 licut
1039 843 1106 905 eos,
1119 822 1173 919 qui
1187 819 1329 917 maligne
1343 814 1456 918 scripta
1470 818 1572 892 aliena
1588 819 1734 902 tradant,

688 917 833 996 scelestos·
849 926 885 994 ἀ
904 923 1032 1020 publica
1046 927 1196 995 onmium
1211 917 1426 994 exsecratione
1443 918 1643 1020 diguilsuuos
1660 946 1734 993 cen-

686 1017 765 1116 ¹se03
787 1031 848 1110 ita,
867 1028 921 1124 qui
941 1019 1008 1098 stne
1030 1050 1110 1120 cura,
1127 1021 1315 1120 discriminis
1335 1031 1445 1098 omnia
1460 1033 1575 1124 pariter
1587 1021 1733 1108 laudant,

676 1141 748 1224 'cur
765 1127 826 1202 lint
846 1124 1005 1200 laudanda
1024 1155 1091 1199 non
1114 1128 1306 1228 intelligere,
1330 1123 1508 1227 persuasum
1524 1127 1640 1202 habeo.
1690 1130 1733 1198 Et

686 1230 752 1328 fuit
797 1227 907 1304 uidem
926 1225 1084 1318 felicitatis
1104 1231 1215 1331 populi
1239 1236 1381 1305 Romani
1402 1259 1474 1330 pars
1494 1256 1562 1304 non
1576 1234 1734 1328 poeniten·

690 1325 757 1421 da:
770 1259 969 1434 sempiternae
988 1333 1100 1434 gloriae
1125 1361 1182 1434 per
1197 1362 1274 1406 eum
1289 1341 1394 1408 vitum
1414 1328 1509 1430 ¹fuisse
1523 1327 1734 1405 commenda·

690 1463 773 1524 tum,
795 1442 849 1540 qui
866 1430 929 1535 ipse
942 1462 1073 1538 quoque
1087 1444 1120 1509 in
1132 1464 1174 1510 eo
1187 1436 1333 1510 omaudo
1349 1444 1513 1539 propriam
1527 1442 1649 1534 ingenii
1661 1436 1734 1533 glo·

688 1547 772 1616 riam
786 1560 852 1620 erat
870 1535 1113 1625 consecuturus,
1131 1536 1185 1612 sed
1204 1547 1237 1614 dc
1259 1542 1384 1632 Polybii
1406 1567 1524 1640 magna
1539 1532 1666 1638 prorsus
1678 1565 1733 1633 ex·

688 1650 752 1733 ‚citit
771 1639 923 1729 felicitat,
944 1649 978 1716 iu
999 1670 1036 1715 ea
1058 1661 1204 1743 tempora
1227 1641 1389 1731 incidisse,
1407 1672 1477 1746 quae
1498 1637 1734 1738 ruateriamudi·

690 1743 875 1848 gnissrmam
890 1741 1037 1819 facultate
1053 1752 1087 1844 δι
1102 1755 1195 1846 copia
1210 1742 1336 1846 suanipst
1348 1744 1632 1820 subministrabant.
1666 1747 1735 1816 sci·

690 1876 764 1928 tum
778 1872 869 1923 uetur
884 1848 950 1946 eil,
972 1855 1122 1922 omniurn
1139 1856 1368 1950 imperiorum,
1389 1848 1468 1922 sicut
1484 1873 1661 1922 ceterarum
1684 1871 1733 1920 re·

691 1981 765 2030 rum
777 1957 992 2026 humanarum
1007 1960 1066 2026 tria
1079 1949 1141 2026 else
1153 1975 1219 2027 tem
1244 1979 1320 2044 ora,
1337 1951 1563 2055 primordium,
1572 1947 1734 2024 summam

689 2060 900 2154 incrementi,
922 2056 1163 2154 inclinationem
1188 1982 1241 2130 aas
1258 2063 1430 2130 interitum.
1481 2059 1582 2128 Gracci
1604 2055 1734 2139 melius,

690 2155 827 2263 ᾦςχῆν,
845 2155 969 2256 duperia,
989 2156 1178 2260 παρᾳκμιῖν
1192 2180 1246 2233 aut
1262 2156 1409 2248 Φθοζοὶν.
1444 2164 1510 2232 liae
1524 2185 1625 2257 quum
1644 2178 1735 2229 natir-

690 2292 727 2339 ra
747 2260 807 2335 fint
827 2257 965 2349 diversa,
983 2268 1080 2335 etiam
1101 2258 1303 2364 scriptoribus
1322 2261 1504 2346 admodum
1520 2257 1675 2334 diversam
1692 2257 1735 2333 ad

690 2362 896 2442 scribendum
913 2373 1080 2440 nuteriam
1094 2361 1129 2440 su
1154 2365 1306 2467 peditant.
1359 2371 1516 2467 Principia
1532 2371 1667 2450 incerta,
1687 2359 1736 2455 sa·

680 2468 773 2543 bulis
793 2470 955 2554 involuta,
980 2475 1102 2542 tenuia:
1126 2396 1253 2570 semper
1273 2476 1380 2564 enim,
1403 2469 1507 2544 modo
1529 2474 1735 2568 primumque

691 2565 849 2648 nascentia
873 2566 945 2643 sunt
964 2575 1099 2644 minuta.
1137 2573 1483 2673 postrema'tempora,
1508 2566 1573 2670 ipsa
1594 2596 1737 2672 quoque,

691 2669 747 2748 sed
762 2699 803 2764 ex
817 2673 879 2746 alia
894 2667 1006 2762 caussa,
1029 2695 1198 2761 attenuata,
1216 2682 1251 2748 ἀ
1266 2680 1346 2748 vitiis
1361 2672 1530 2757 deformia,
1545 2692 1654 2768 utpote
1667 2680 1737 2744 exi·

692 2784 740 2852 tio
758 2782 948 2880 propinqua.
981 2772 1087 2849 solum
1105 2777 1150 2850 cll
1173 2776 1319 2849 medium
1338 2797 1479 2877 tempus,
1508 2771 1596 2874 quod
1614 2780 1736 2870 vigoris

691 2879 809 2970 florem
829 2879 987 2970 obtineat,
1025 2878 1090 2952 sive
1109 2878 1150 2954 ad
1171 2877 1423 2979 experiundum,
1447 2877 1512 2950 five
1535 2873 1577 2948 ad
1599 2872 1738 2947 scriben-

693 2981 787 3078 dum,
800 3001 857 3056 aut
869 2978 1147 3082 cognoscendum,
1162 2984 1330 3083 pulchrum
1346 2991 1381 3056 ὅ(
1394 2980 1544 3082 optabile.
1581 2979 1735 3078 Respubl.

692 3089 863 3178 Romana,
888 3107 925 3158 ιιι
938 3079 1082 3180 observat
1103 3086 1272 3181 Polybius,
1295 3083 1395 3188 siqua
1414 3085 1476 3158 ulla
1490 3110 1646 3182 umquam
1660 3083 1737 3176 alia,

693 3215 808 3263 omncs
820 3209 1007 3288 temporum
1019 3187 1211 3264 diucrsstates¹
1226 3184 1401 3290 lecuudurn
1417 3208 1535 3280 natura
1545 3211 1737 3280 commonet

694 3290 780 3392 leges
794 3287 839 3363 ell
853 3311 994 3389 experta.
1024 3317 1093 3392 qua
1116 3296 1156 3380 ab
1180 3285 1337 3380 obscuris,
1356 3289 1537 3386 sabtrlutum
1558 3289 1680 3389 plenis,
1700 3296 1737 3367 dt

564 3451 583 3472 ,,
693 3389 819 3495 oppido
841 3393 975 3466 exilibus
998 3391 1143 3496 prosedla
1165 3398 1348 3497 principiis,
1377 3419 1553 3494 petatium
1574 3390 1676 3465 senne
1697 3417 1735 3466 to

696 3524 773 3594 cum
792 3495 919 3598 populis
941 3497 1036 3570 ltaliae
1054 3519 1249 3600 perpetuum
1270 3498 1356 3599 quasi
1370 3491 1489 3584 bellum
1505 3501 1590 3588 varia
1604 3494 1736 3572 fortuna

588 3683 597 3700 ἱ
693 3597 796 3700 gessit.
847 3600 967 3692 Tantae
985 3601 1082 3673 molis
1094 3623 1161 3674 erat
1173 3603 1243 3675 orbi
1262 3622 1416 3695 terrarum
1431 3599 1509 3700 dare
1519 3619 1624 3700 caput.
1645 3597 1737 3672 dein·

695 3700 736 3778 de
756 3705 810 3776 ubi
833 3697 931 3791 semel
951 3700 1070 3803 pedem
1083 3726 1172 3777 extra
1186 3705 1309 3778 ltaliam
1323 3705 1451 3796 extulit,
1475 3700 1563 3778 diuo
1580 3702 1739 3792 mirabile,

695 3827 812 3907 quauta
834 3834 911 3880 com
932 3802 985 3880 sua
1005 3809 1127 3906 gloria,
1150 3829 1270 3910 quanto
1291 3836 1367 3882 cum
1388 3805 1610 3908 ttuppreuunc
1626 3811 1737 3878 viven-

696 3915 778 4006 tium
793 3908 1030 4012 dividentium,
1050 3913 1230 4011 Europam,
1249 3909 1373 4005 Aliauj„
1390 3909 1544 4002 Alricam,
1563 3907 1736 4007 triumphis

645 4033 649 4044 ·
694 4035 894 4113 peragrarat,
917 4012 1131 4112 dominationi
1153 4011 1213 4087 strae
1232 4009 1406 4088 subiecctit.
1458 4007 1661 4108 Haesuit&
1677 4017 1738 4099 rei·

693 4118 787 4216 publ.
810 4123 845 4189 ἀ
865 4122 987 4189 virtutis
1007 4121 1104 4189 Rom.
1126 4113 1241 4214 οἰκμῄ,
1266 4126 1301 4191 ὅ(
1321 4126 1498 4220 praecipuus
1518 4121 1622 4214 vigor.
1646 4112 1738 4216 quod

695 4237 823 4319 tempus
836 4218 936 4317 uulgo
949 4218 1088 4293 historici
1101 4217 1143 4292 ad
1157 4247 1210 4308 cc.
1224 4247 1322 4322 usque
1334 4251 1455 4296 annum
1470 4215 1656 4296 extendunt.
1671 4216 1737 4297 ,sed

694 4317 785 4420 spatii
807 4325 901 4394 huius
922 4323 1031 4412 ultima
1051 4318 1385 4423 ciuitatemsanguine
1406 4328 1490 4400 civili
1508 4319 1664 4395 soedatam
1681 4325 1737 4392 ha·

695 4421 850 4514 buerunt,
867 4432 902 4502 ἀ
911 4425 1008 4512 luxu,
1020 4425 1193 4530 pollquam
1207 4429 1344 4522 videret
1355 4428 1428 4520 Aria
1442 4451 1531 4531 capta
1545 4429 1640 4527 cepit,
1653 4421 1739 4509 mul·¹

1682 4547 1736 4603 tra·

1010 4709 1022 4748 l
