4575 5592
612 637 718 688 arran
766 665 770 672 -
793 611 852 686 lS.
870 607 1151 688 CASAVBON
1159 614 1173 684 1
1189 599 1474 696 ,Panemo

600 813 677 886 ulla
690 839 730 884 ex
746 833 835 911 parte
854 837 931 886 com
974 809 1122 888 randum.
1172 809 1373 914 Exposuerat
1393 815 1553 914 prioribus
1568 813 1658 908 libris·

600 915 777 1008 ¹Polybius,
800 841 973 1017 quomodd
984 915 1147 988 Hannibal
1165 917 1287 991 ltaliam
1304 914 1468 1015 ingressus,
1491 919 1655 1018 populum

610 1022 801 1092 Romanum
815 1022 915 1093 tribua
926 1024 1087 1092 continuis
1101 1017 1244 1092 cladibus
1259 1017 1300 1092 ad
1314 1022 1487 1107 Ticinum,
1513 1019 1554 1091 ad
1567 1023 1655 1093 Tre·

610 1125 716 1208 biam,
740 1119 784 1194 ad
812 1117 1099 1216 Thrasymennum
1129 1127 1227 1223 iisque
1260 1129 1387 1222 magnis
1417 1129 1594 1207 attriverat,
1620 1131 1655 1198 ἀ

601 1273 608 1294 ,
634 1245 721 1298 natta
741 1219 869 1325 insuper
889 1223 1068 1312 Cannensi,
1092 1232 1244 1298 omnium
1264 1227 1321 1299 lon
1346 1254 1364 1298 e
1385 1231 1547 1314 maxima,
1571 1251 1657 1325 pene

601 1253 786 1402 deleverat:
808 1355 849 1402 eo
868 1349 953 1402 certe
970 1326 1155 1426 redegerat,
1178 1349 1213 1401 ut
1227 1252 1403 1402 emerslrrus
1416 1357 1456 1402 ex
1474 1329 1532 1402 illo
1546 1324 1656 1401 miser·

610 1439 699 1505 timo
718 1431 995 1533 slatussnumquam
1016 1429 1186 1504 videretur.
1220 1429 1349 1506 emersit
1371 1457 1499 1518 tamen,
1520 1441 1554 1505 dt
1577 1460 1656 1505 cum

601 1530 740 1608 adversa
756 1531 884 1608 fortuna
904 1532 1101 1636 aliquamdiu
1120 1533 1273 1621 luctatus,
1296 1561 1374 1607 mox
1390 1535 1657 1610 &Hannibalem

602 1637 700 1714 ltalia
719 1638 861 1738 expulit,
880 1657 915 1711 ot
935 1655 1015 1737 pace
1036 1664 1112 1710 curn
1130 1643 1235 1711 Ptenis
1255 1645 1287 1710 in
1302 1635 1371 1711 suas
1385 1640 1473 1737 leges
1487 1635 1589 1725 fassa,
1611 1636 1654 1711 ad

609 1737 702 1844 spem
724 1745 851 1840 imperii
870 1741 956 1813 orbis
978 1762 1132 1814 terrarum
1152 1737 1214 1812 sese
1233 1749 1343 1814 erexit.
1394 1745 1456 1813 Rei
1476 1747 1574 1840 igitur
1593 1739 1655 1814 slu-

608 1841 742 1946 pendae,
769 1851 804 1917 ὅ(
826 1847 977 1916 omnibus
1002 1839 1122 1916 suculis
1148 1841 1324 1918 inauditam
1347 1839 1487 1918 caussam
1509 1870 1550 1916 eo
1571 1845 1654 1917 libro

613 1953 715 2048 aperit
728 1947 853 2019 noller:
876 1943 979 2019 caussa
994 1968 1102 2018 autem
1115 1967 1194 2033 erat,
1207 1943 1272 2048 ipsa
1286 1948 1421 2048 reipubl.
1436 1950 1536 2020 Rom.
1548 1944 1656 2020 forma

604 2057 648 2125 ἃ
667 2046 795 2122 scientia
816 2048 975 2136 bellandi,
999 2075 1070 2150 quar
1091 2047 1159 2122 duo
1180 2057 1283 2150 capita
1301 2050 1345 2124 fic
1365 2080 1383 2123 a
1400 2051 1536 2142 Polybio
1554 2050 1657 2150 expli·

604 2173 742 2239 cantur,
761 2174 796 2227 ut
813 2152 864 2225 vel
876 2150 961 2226 solus
979 2153 1033 2226 ille
1044 2153 1143 2238 liber,
1165 2162 1220 2254 qui
1233 2155 1322 2228 nullo
1336 2152 1406 2228 satis
1421 2153 1567 2226 aeliirnari
1584 2179 1655 2253 pre-

605 2263 659 2330 tio
672 2277 776 2356 queat,
792 2253 985 2343 dodemani,
1005 2253 1173 2342 iudicium,
1194 2265 1341 2356 peritiam
1355 2262 1443 2359 pacis
1457 2258 1591 2358 bellique
1607 2283 1654 2328 ar·

604 2365 693 2432 tium
709 2366 744 2432 dt
756 2356 914 2432 summam
928 2363 1066 2434 audoris
1080 2356 1283 2460 prudenJiam
1298 2383 1419 2462 arguat.
1471 2367 1575 2462 Atque
1590 2365 1655 2432 lroc

611 2468 646 2535 in
661 2488 780 2562 genere
792 2461 869 2536 illud
886 2491 963 2538 curn
973 2468 1087 2563 primis
1099 2457 1264 2536 observatu
1280 2463 1430 2564 dignum,
1444 2484 1558 2565 quanta
1578 2489 1656 2536 cura

609 2565 764 2658 Polybius
791 2567 948 2639 ledorem
979 2561 1072 2638 suurn
1099 2565 1139 2638 ad
1165 2569 1478 2669 contemplationem¹
1504 2594 1655 2641 verarum

611 2663 786 2741 caussarum
809 2666 943 2742 subinde
957 2678 1107 2754 'revocet,
1131 2665 1217 2740 uude
1234 2667 1388 2742 successus
1404 2667 1469 2740 srve
1485 2669 1564 2754 laeti,
1589 2668 1655 2740 stuc

611 2772 781 2845 illatabiles
796 2794 947 2845 manant:
971 2793 1085 2871 quanta
1100 2777 1178 2842 item
1194 2774 1371 2846 multorum
1388 2793 1530 2843 veterum
1546 2776 1655 2870 (atque

612 2881 735 2948 utinam
749 2879 874 2948 'horum
899 2883 1038 2960 tanturn)
1061 2880 1251 2972 opinionem
1279 2875 1424 2959 slultam,
1457 2871 1498 2944 de
1523 2869 1653 2945 fortuna

612 2975 842 3080 pendentium,
870 2975 1134 3078 reprehendat&
1161 2973 1316 3050 confutet.
1375 2982 1454 3051 Non
1477 2983 1565 3048 enirn
1589 2982 1655 3074 pati

613 3100 740 3181 poterat
760 3102 862 3153 tantus
882 3079 1058 3179 prudentia
1072 3080 1240 3178 magister,
1265 3088 1298 3152 in
1314 3108 1362 3154 res
1375 3085 1531 3154 humanas
1544 3079 1654 3152 induci

612 3209 736 3256 caecum
753 3181 829 3256 illud
846 3209 1006 3255 caecorum
1018 3188 1191 3256 bominum
1208 3177 1365 3280 πλάσμα
1381 3181 1437 3274 [αἱ
1455 3173 1597 3272 ridebat,
1617 3204 1654 3256 ut

612 3289 819 3360 Democritus
833 3287 982 3368 vocabat,
995 3283 1082 3385 quod
1099 3292 1219 3362 nullum
1233 3315 1346 3360 nutam
1362 3291 1471 3372 labet,
1485 3289 1567 3387 fifit
1577 3313 1654 3380 pru·

613 3393 728 3463 startia.
781 3390 909 3460 Clamat
931 3395 1027 3486 igitur
1046 3389 1170 3475 noller,
1192 3389 1258 3466 τῶν
1273 3385 1526 3485 condensetur
1542 3385 1654 3480 τύχην

614 3491 652 3569 au'
659 3483 801 3586 radebaq,
815 3488 967 3580 Φαῧλον·
989 3495 1164 3564 Fortunam
1177 3490 1283 3565 facere
1297 3489 1435 3566 caussam
1451 3511 1656 3576 avernorum,

613 3601 756 3669 amentia
782 3593 844 3679 eli,
871 3599 989 3694 quippe
1012 3590 1223 3693 sapientibus,
1253 3604 1286 3668 ἀ
1313 3603 1368 3698 qui
1395 3600 1489 3670 reslis
1516 3591 1655 3674 consiliis

613 3721 762 3784 utuntur,
786 3701 864 3770 haut
881 3701 992 3794 magni
1014 3693 1178 3772 fortunam
1201 3706 1359 3772 momenti
1374 3697 1456 3788 elle,
1480 3720 1534 3770 aut
1549 3702 1655 3798 potius

613 3799 797 3886 fortunam,
820 3825 891 3902 qua:
908 3799 988 3872 nihil
1011 3795 1068 3886 lit,
1094 3801 1215 3874 nullam
1237 3808 1443 3875 intervenire:
1476 3806 1655 3875 nonenim

614 3901 736 3978 casabus
747 3907 834 4000 regi,
847 3897 903 3974 sed
920 3925 1029 4002 tegere
1041 3911 1148 4002 magis
1161 3904 1358 4006 prudentem
1370 3902 1471 3979 casus:
1498 3926 1656 3988 mentem,

613 4011 782 4090 rationem,
797 4009 957 4090 virtutem,
967 4009 1121 4104 pietatem
1138 4007 1310 4081 dominari.
1362 4016 1427 4112 Qri
1445 4005 1468 4082 li
1483 4005 1657 4110 aliquando

609 4135 728 4210 parurn
749 4103 806 4179 sibi
825 4105 1125 4196 videturconslare,
1150 4108 1315 4186 fortunam
1332 4117 1339 4182 i
1365 4109 1536 4213 sequoque
1549 4114 1655 4184 nomi·

613 4236 711 4300 naus,
732 4215 767 4282 ἀ
780 4215 848 4282 vim
860 4209 945 4284 illius
956 4209 1151 4310 agnoscens3
1173 4241 1242 4288 non
1258 4237 1324 4287 tarn
1340 4141 1499 4289 sententia
1513 4239 1657 4288 errorem

613 4339 692 4389 eunt
711 4307 793 4400 else,
816 4339 914 4413 quam
938 4313 1091 4414 loquendi
1112 4315 1378 4392 consuetudinem
1399 4315 1579 4424 quandam,
1600 4317 1655 4388 ab·

608 4415 702 4492 unde
720 4417 894 4518 ptobatuta
914 4413 962 4492 eii
976 4417 1149 4520 inpositis
1169 4427 1418 4502 commentariis.
1471 4422 1537 4498 vui
1556 4425 1657 4599 Ἥ
