4575 5592
712 583 716 600 ¹
840 643 1367 723 nosvnrorrnrrun
1565 671 1631 728 m
1720 599 1722 606 ’

657 828 735 934 Ipso
747 832 866 908 eodem
880 858 968 907 anno
987 815 1221 925 153rseedem
1236 840 1270 908 in
1284 837 1363 909 urbe
1376 831 1493 909 Bustica
1506 834 1630 936 prodiit

584 967 628 1014 ex
648 939 782 1012 officina
803 946 849 1016 [o.
863 942 1000 1036 Oporini
1018 938 1170 1036 particula
1189 939 1242 1012 iila
1265 939 1395 1012 celebris
1409 966 1429 1013 e
1442 939 1527 1012 libro
1540 935 1631 1015 sexto

585 1043 757 1134 Polybiani
774 1048 880 1139 operit
895 1037 1059 1139 superstes,
1077 1039 1118 1114 de
1134 1041 1246 1114 militie
1262 1046 1423 1129 Romane,
1446 1069 1524 1115 cum
1539 1038 1632 1117 ioan·

584 1152 636 1221 nir¹
659 1142 797 1218 Lasearis
815 1146 909 1216 letina
929 1149 1204 1244 interpretatione:
1227 1151 1343 1245 quein
1355 1144 1510 1245 particule
1523 1146 1631 1246 expli·

584 1247 694 1326 nanda
714 1267 765 1319 tot
785 1243 957 1322 dodiorurn
980 1251 1171 1329 homiuum,
1197 1254 1253 1348 qui
1274 1249 1422 1322 militiam
1444 1253 1648 1325 Romanum·

584 1349 859 1530 neruestigarunm
878 1355 1006 1448 ingenia
1021 1350 1350 1450 lebomrunt‚.l.ipsri,
1364 1349 1519 1438 Salmafii,
1532 1356 1631 1428 Sche-

613 1461 642 1540 '‚
665 1480 770 1552 nuper
787 1451 968 1526 admodum
989 1448 1169 1546 Poeschelii‚
1193 1480 1234 1526 ne
1255 1454 1334 1526 alios
1357 1480 1631 1533 commemorem.

585 1563 626 1634 lu
648 1553 837 1655 praefatione
857 1555 983 1628 testatur
1003 1561 1188 1653 Oporinos,
1209 1555 1293 1630 illud
1315 1553 1505 1657 opusculum
1531 1555 1574 1632 ed
1598 1554 1633 1634 se

583 1657 721 1734 tniffum
739 1656 801 1732 effe
820 1689 838 1731 u
859 1660 978 1732 Iacobo
992 1656 1151 1746 Bedroto‚
1168 1666 1231 1770 ⁸qui
1244 1666 1278 1731 in
1293 1659 1498 1734 univeriitnte·
1508 1669 1634 1761 Argen·
1769 1665 1777 1676 “

584 1760 757 1849 ronterii,
782 1785 852 1837 tum
875 1768 1020 1862 primum
1045 1760 1209 1851 noscente,
1241 1765 1341 1837 bonai
1362 1767 1465 1838 literas
1485 1762 1633 1841 docebit.

583 1871 654 1944 Hic
675 1865 721 1940 est
743 1867 795 1940 ilie
822 1872 1209 1968 (iuvatenimdtaequum
1222 1866 1286 1955 est,
1309 1892 1370 1940 nos
1386 1864 1511 1942 obscuri
1531 1867 1633 1944 hodie

584 1974 752 2055 nominis,
773 1965 827 2044 sed
840 1992 988 2068 tempore
1004 1967 1060 2044 suo
1071 1997 1139 2043 non
1153 1971 1313 2070 ignobilis,
1333 1978 1529 2045 memoriam
1543 1974 1634 2046 velut

586 2101 609 2148 e
624 2075 787 2147 cineribus
800 2071 854 2148 ed
872 2080 971 2145 vitem
985 2080 1022 2147 du
1036 2075 1144 2148 iucem
1158 2083 1323 2170 revocure)
1337 2079 1390 2148 hie
1405 2080 1503 2172 igitur
1513 2073 1633 2160 Bedro-

585 2197 638 2250 tus
658 2175 790 2261 illecti,
814 2182 886 2277 qui,
906 2203 983 2248 curn
996 2175 1036 2249 ad
1053 2177 1186 2248 Flomrn
1199 2183 1234 2250 ἀ
1249 2181 1439 2250 Athenaeum
1451 2172 1541 2248 suam
1551 2187 1633 2277 qe-

586 2309 660 2355 ram
689 2276 890 2365 contundet,
918 2296 988 2354 tum
1014 2287 1112 2352 etiam
1138 2275 1326 2353 scholiasscn
1352 2284 1569 2353 Homericum
1597 2285 1633 2355 iu

544 2458 551 2468 ,
586 2384 722 2458 officim
752 2383 919 2460 uinctam
929 2387 973 2458 Δ.
1003 2407 1113 2477 1541.
1138 2388 1282 2470 curavit,
1315 2403 1351 2455 ut
1376 2379 1545 2456 emendate
1577 2408 1634 2456 ex·

583 2484 778 2566 uideretur..
835 2543 842 2552 .
1370 2529 1374 2536 -
1516 2523 1518 2529 ¹

667 2684 878 2766 Duodecimn
898 2712 985 2760 anno
1005 2684 1095 2786 post,
1118 2690 1184 2760 hoc
1201 2686 1247 2761 eii
1273 2691 1312 2763 A.
1332 2712 1439 2783 ¹549·
1460 2685 1636 2763 eudemio

586 2795 671 2868 urbe
685 2788 821 2877 Bafiieu,
840 2816 909 2890 quae
921 2791 1023 2875 olim,
1043 2818 1103 2864 eeu
1116 2787 1267 2868 iocunda
1281 2811 1413 2879 metens
1424 2790 1638 2866 nobiliffimou

584 2897 693 2973 libror
721 2919 841 2993 grecos
867 2899 902 2964 dt
930 2893 1044 2966 latinos
1065 2891 1136 2966 finu
1157 2892 1256 2967 fertili
1275 2892 1476 2979 effundebat,
1504 2893 1637 2967 officina

585 3003 813 3094 Herwugiana
828 2995 998 3094 infignenn
1010 3003 1130 3076 &mm
1146 3006 1300 3096 temporie
1312 2996 1529 3097 pleniffimurn
1543 3002 1637 3070 emit·

586 3104 677 3178 rebat
697 3099 847 3173 codicem
871 3101 1014 3192 Polybi,
1044 3107 1283 3188 continentem,
1310 3127 1373 3182 uun
1394 3126 1470 3173 cum
1494 3106 1638 3203 quinque

587 3207 665 3284 iilis·
678 3209 790 3302 primis
803 3205 909 3286 libris,
929 3209 984 3303 qui
999 3199 1056 3275 soii
1070 3202 1167 3276 hodie
1181 3209 1295 3303 integri
1309 3200 1489 3303 supersunt,
1513 3205 1554 3276 ab
1567 3206 1639 3276 Ob-

588 3306 708 3409 sopoeo
728 3314 833 3404 primo
854 3302 962 3392 editis,
988 3306 1200 3384 accessionem
1219 3308 1383 3393 nobilem,
1402 3307 1532 3407 eclogae
1549 3328 1639 3407 pute,¹

589 3439 672 3514 quas
688 3412 787 3508 vulgo
802 3406 968 3508 usurpent,
988 3411 1147 3485 librorum
1166 3407 1342 3484 duodecim
1359 3438 1377 3484 a
1391 3416 1506 3512 quinto
1528 3417 1639 3509 proxi·

589 3542 739 3592 morum.
791 3520 892 3587 Cuius
906 3512 1055 3585 editionis
1068 3519 1197 3613 copiam
1217 3510 1313 3587 serius
1332 3519 1412 3586 mihi
1430 3513 1550 3587 fodiam
1565 3510 1641 3601 effe,
1739 3591 1744 3600 ,

591 3646 671 3696 eum
688 3644 794 3715 opere
812 3622 877 3692 iarn
899 3616 1020 3689 nostras
1033 3616 1072 3689 ad
1094 3626 1217 3716 primos
1232 3625 1372 3717 quinque
1384 3618 1482 3690 libros
1495 3616 1642 3690 animad-

593 3719 757 3802 verfiones
771 3719 964 3800 excudendo
978 3717 1199 3803 abiolviffent⁷
1210 3716 1352 3819 impense
1365 3717 1472 3791 doleo.
1509 3723 1560 3791 Ex
1573 3745 1642 3821 quo

591 3821 720 3904 fastum
733 3822 798 3909 eti,
822 3846 857 3895 ut
875 3824 1023 3895 nondum
1036 3820 1107 3895 satis
1121 3827 1179 3895 otii
1194 3828 1274 3894 mihi
1287 3828 1477 3907 occurrerit,
1496 3819 1537 3894 ed
1550 3848 1641 3895 com·

593 3924 776 4029 parandam
796 3932 879 4014 hene
899 3926 1075 3999 editionem
1089 3953 1164 3998 cum
1180 3924 1399 4025 Hagenoiinfi.
1449 3929 1578 3997 Faciem
1596 3944 1642 3996 tn·

595 4056 698 4116 men,
721 4051 777 4115 ut‚.
797 4057 866 4127 quae
884 4024 949 4127 ipsa
966 4026 1006 4101 de
1023 4026 1055 4101 se
1075 4031 1126 4101 itta
1140 4029 1310 4128 praedicet‚
1335 4057 1410 4102 cum
1424 4057 1461 4101 ea
1475 4029 1562 4101 illine
1574 4034 1641 4100 huc

594 4133 751 4229 nuntiata·
770 4137 945 4229 repetiere,
987 4152 1057 4205 tum
1084 4138 1140 4217 iis,
1172 4138 1227 4231 qui
1257 4158 1316 4205 nos
1340 4133 1465 4231 legent,
1495 4129 1640 4207 constet.

596 4234 761 4317 Arnoldus
785 4236 1128 4327 Paraxylusdrlenius
1154 4240 1274 4335 itaque,
1297 4236 1412 4335 Belga,
1437 4241 1493 4335 qui
1513 4232 1642 4308 Bnffleae

594 4363 778 4412 extremam
790 4357 916 4410 aetatem
928 4344 1013 4438 egit,
1036 4346 1139 4412 horno
1153 4338 1193 4411 de
1209 4341 1352 4424 Platone,
1375 4333 1510 4437 iosepho
1522 4344 1556 4410 dt
1572 4338 1641 4410 aliie

593 4443 716 4520 Graecie
732 4446 864 4540 egregie
884 4452 1036 4547 meritur,
1060 4442 1208 4534 codicem
1221 4449 1343 4517 hunea
1357 4435 1389 4514 se
1403 4463 1643 4615 c‘uraturffrir-pro·

1546 4561 1640 4627 tetur,
