4575 5592
691 623 768 717 'no
791 639 946 716 svruu
968 638 1181 716 eoursrr
1205 635 1534 714 sorrronrsr.
1567 662 1653 748 ¹nn
1698 745 1708 764 ·

610 857 731 908 comest
755 834 866 932 quiin
879 831 1030 902 amicitiis
1045 851 1177 927 regum,
1203 823 1336 912 ducum,
1353 831 1542 927 'procerum
1567 830 1655 901 Gm·

609 961 741 1020 eorum,
764 939 1017 1018 Romanorum,
1038 927 1263 1016 Afiaticorum,
1283 933 1522 1030 Egyptiorum,
1546 929 1656 1032 quoad

610 1043 703 1128 vixit,
725 1043 851 1140 primas
868 1041 989 1109 tenuit:
1014 1033 1179 1136 postremo
1196 1035 1366 1136 'postquam
1382 1036 1480 1121 obiit,
1497 1035 1655 1136 politicis,

611 1143 727 1216 bellicae
743 1147 791 1214 rei
807 1137 974 1225 studiolis,
997 1164 1077 1210 verae
1091 1145 1126 1211 dt
1138 1135 1291 1237 legilimae
1312 1137 1449 1210 historiar
1465 1142 1657 1226 amantibus,

612 1245 688 1320 dum
706 1243 781 1319 suus
801 1244 899 1316 literis
917 1247 1024 1316 honos
1042 1239 1159 1330 llabat,
1183 1247 1278 1314 unice
1292 1239 1432 1315 delec‘lus
1445 1249 1479 1316 dr
1493 1242 1654 1342 probatus.

610 1353 705 1425 Hunc
735 1351 907 1421 communi
935 1341 1005 1418 fato
1027 1350 1177 1417 omniurn
1199 1346 1425 1418 excellentium
1453 1343 1659 1446 scriptorum,

611 1451 745 1556 pelsrme
757 1446 973 1553 superioribus
988 1444 1107 1521 iaculis
1122 1472 1327 1548 acceptum,=
1339 1469 1370 1520 et
1386 1454 1420 1521 in
1433 1451 1538 1523 nollra
1555 1454 1656 1522 Euro·
1781 1441 1784 1450 ¹

611 1564 724 1658 parix
741 1554 784 1628 de
804 1558 940 1627 nomine
955 1560 1064 1651 paucis
1078 1571 1214 1654 notum,
1238 1550 1392 1625 Nicolaus
1408 1557 1566 1652 Qrintus,
1589 1555 1657 1626 vin·

612 1657 672 1733 dex
688 1659 744 1733 ille
762 1659 926 1731 literarum
942 1662 1077 1754 primus,
1101 1651 1180 1727 fecit
1192 1661 1286 1740 tanti,
1309 1675 1345 1729 ut
1359 1660 1426 1728 eius
1440 1657 1569 1730 rellituti
1585 1656 1657 1754 glo·

612 1769 690 1837 riam
711 1759 755 1836 ad
777 1782 900 1834 ceteros
917 1757 1052 1831 laudum
1074 1752 1201 1831 suarum
1221 1760 1329 1832 titulos
1343 1759 1479 1833 voluerit
1492 1757 1656 1834 accedere.

612 1871 717 1968 ltaque
776 1887 858 1937 rtem
874 1862 958 1935 illius
969 1863 1127 1935 librorum
1141 1863 1282 1964 aliquam
1296 1865 1426 1949 nadlus,
1446 1870 1512 1936 eius
1529 1870 1561 1936 in
1576 1869 1658 1936 Lati-

611 1997 690 2044 num
730 1992 903 2042 cunonem
931 1962 1179 2050 transferendae,
1210 1971 1282 2037 viro
1303 1970 1422 2038 Graecae
1443 1971 1659 2042 &Romanae
1705 2005 1708 2014 ·

612 2075 745 2173 linguae,
767 2092 805 2143 ut
817 2090 884 2142 erat
900 2075 1010 2169 captus
1024 2073 1091 2140 eius
1105 2074 1215 2154 aeratis,
1239 2065 1331 2143 noni
1357 2096 1448 2155 nero,
1471 2097 1590 2143 munus
1606 2069 1660 2144 dc·

611 2177 742 2277 legavit.
795 2173 1019 2271 Magnificum
1039 2169 1086 2243 cll
1104 2169 1148 2246 ad
1168 2097 1488 2246 commendbtionem
1512 2173 1662 2260 hilloria,

612 2278 718 2383 quod,
736 2279 794 2350 ubi
810 2282 955 2376 primum
970 2277 1130 2348 literatura
1147 2275 1268 2352 melior.
1283 2303 1324 2348 ex
1340 2275 1414 2375 ipsis
1429 2284 1496 2349 orci
1517 2274 1662 2350 saucibus

614 2383 797 2484 incipiebat*
811 2384 912 2479 eripi,
948 2383 1099 2450 omnium
1147 2384 1228 2451 rima
1252 2405 1345 2451 novas
1364 2378 1444 2452 lucis
1467 2381 1662 2456 beneficium
1694 2455 1709 2484 ·

618 2511 759 2586 experta,
788 2505 909 2556 ceteras
920 2481 1066 2554 bonellus
1079 2405 1261 2581 dildiplinas
1275 2480 1315 2554 ad
1330 2479 1419 2582 spem
1433 2479 1538 2557 salutis
1553 2492 1662 2559 erexit.

623 2589 838 2690 Magnificum
857 2591 892 2659 dr
913 2579 1091 2685 gloriosum
1113 2585 1272 2679 Polybio,
1291 2583 1379 2686 quod
1393 2591 1474 2659 inter
1486 2613 1602 2661 omnes
1617 2584 1665 2661 sui

621 2698 738 2794 generis
751 2689 940 2790 scriptores,
961 2694 1083 2787 primus
1096 2685 1334 2788 indulgentiam
1352 2694 1507 2793 principis
1528 2689 1567 2763 ad
1589 2693 1667 2765 libe.

616 2803 774 2872 rationem
788 2790 956 2866 musarum
969 2787 1031 2864 sese
1045 2797 1240 2891 accingentis
1252 2799 1439 2892 promeruit.
1491 2793 1555 2866 Sed
1569 2801 1666 2868 nimi·

615 2928 687 2974 rum
701 2925 814 2972 rerum
834 2921 1028 2994 magnarum
1043 2891 1126 2967 tardi
1139 2891 1211 2967 sunt
1223 2893 1423 2996 progress‘us3
1448 2924 1582 2998 raroque
1598 2920 1665 2972 tam

615 3007 697 3077 bene
716 3029 796 3076 cum
818 3006 965 3074 humano
985 3024 1103 3097 genere
1126 3004 1247 3096 agitur,
1269 3018 1304 3072 ut
1319 3010 1443 3100 incepta
1458 2998 1610 3098 generosa
1625 3004 1665 3074 ab

617 3114 672 3190 iis,
695 3112 752 3208 qui
776 3100 996 3202 susceperunt,
1018 3097 1177 3173 inoffenso
1199 3100 1280 3201 pede
1303 3101 1406 3174 llatim
1420 3101 1461 3175 ad
1478 3104 1579 3175 finem
1595 3130 1666 3205 per·

616 3209 784 3284 ducantur.
844 3213 952 3306 Qare
977 3210 1073 3277 etiam
1102 3206 1259 3291 Nicola0‚
1284 3206 1410 3298 Polybii
1434 3205 1668 3282 restitutionem

617 3315 792 3397 molienti,
819 3310 924 3383 multa
955 3303 1024 3379 sunt
1054 3308 1161 3380 oblata
1189 3306 1438 3408 impedimenta,
1468 3337 1533 3410 quo
1561 3318 1668 3384 minus
1739 3395 1741 3400 ¹

617 3416 707 3521 quod
727 3417 861 3516 optabat
880 3408 983 3513 posset
1001 3412 1165 3510 perficere.
1208 3416 1305 3482 .Narn
1326 3439 1426 3513 quum
1447 3419 1553 3513 opst-is
1575 3415 1669 3509 Poly·
1731 3504 1733 3508 y

618 3526 726 3608 biani,
749 3516 842 3621 quod
864 3515 972 3589 nollra
989 3515 1118 3587 exbibet
1139 3512 1257 3599 editio,
1282 3534 1343 3586 tres
1363 3514 1423 3588 llnt
1443 3524 1564 3591 ratione
1585 3540 1672 3591 certa

620 3625 777 3700 dillindiae
797 3641 922 3722 partes3
951 3644 1052 3691 unam
1073 3613 1241 3690 dumtaxat
1265 3623 1380 3690 harum
1400 3618 1548 3718 pontifex
1571 3626 1673 3694 Nico·

622 3733 689 3804 laus
705 3727 838 3812 habuit3
864 3721 942 3795 duas
957 3721 1113 3822 reliquas,
1134 3728 1171 3792 in
1184 3746 1291 3793 rerum
1308 3742 1419 3795 natura
1432 3718 1505 3809 elle,
1527 3753 1568 3798 ue
1583 3721 1673 3798 scivit

623 3829 769 3936 quidem.
823 3834 892 3902 lam
913 3824 968 3898 ille
981 3821 1125 3897 eruditus
1136 3823 1250 3908 Italus,
1271 3851 1338 3925 quo
1355 3823 1421 3925 ipse
1436 3823 1508 3900 usus
1521 3826 1565 3900 ell
1580 3834 1674 3904 inter·

624 3957 732 4036 prete,
752 3938 873 4033 partim
888 3925 993 4000 saeculi
1005 3933 1105 4014 viti0,
1127 3932 1244 4026 partim
1260 3935 1390 4026 propria
1404 3934 1519 4030 culpa,
1543 3939 1674 4032 provin·

626 4045 710 4112 ciani
722 4036 781 4110 fibi
796 4029 1040 4116 demandatam,
1064 4035 1107 4103 ita
1119 4027 1212 4130 geffit
1224 4032 1330 4115 mals,
1355 4030 1448 4107 facile
1460 4056 1496 4106 ut
1513 4056 1675 4136 appareat,

627 4169 692 4216 non
711 4143 754 4213 ob
776 4136 977 4235 singularem
996 4134 1136 4234 aliquam
1155 4131 1389 4221 eruditionem,
1407 4144 1443 4210 in
1463 4140 1582 4212 Graccis
1598 4165 1676 4238 prae·

627 4243 729 4319 sertim
749 4244 875 4324 literis,
903 4239 1080 4331 Polybium
1110 4241 1308 4335 interpretari
1333 4235 1427 4313 fuiffe
1452 4236 1588 4329 iuffurn3
1621 4239 1676 4313 sed

628 4357 696 4452 quia
717 4372 822 4421 nemo
847 4360 936 4426 erat,
954 4347 1007 4441 qui
1029 4340 1169 4438 amplius
1189 4337 1300 4425 sciret,
1320 4342 1407 4414 velut
1427 4343 1578 4417 coclitem
1595 4349 1678 4416 inter

629 4481 722 4530 (κως
736 4471 898 4553 captum,
919 4447 1022 4545 quiin
1038 4469 1174 4517 vacuam
1189 4443 1357 4517 stationem
1372 4472 1433 4547 pro
1449 4468 1594 4553 tempore
1609 4443 1679 4519 lub-

1573 4549 1680 4626 ssitue·
