4575 5592
656 672 728 745 an
755 671 903 747 svssr
925 624 1133 746 rorrsrr
1156 667 1484 745 emmonem
1512 699 1617 770 κω

568 857 654 930 inre
669 854 800 943 eadem,
813 849 892 929 nihil
906 853 992 932 idern
1004 853 1140 928 discret:
1161 854 1344 928 omnia'alla
1361 853 1538 946 &diversa
1559 886 1615 934 ne·

568 985 629 1063 que
642 966 734 1031 enim
747 985 789 1032 eo
803 959 970 1060 proposito
984 956 1026 1031 ad
1041 960 1224 1058 praeliorum
1240 954 1465 1060 descriptiones
1479 961 1614 1048 accedit,
1645 993 1650 1002 ·

568 1068 648 1138 utin
661 1059 868 1162 depingenda
882 1069 1003 1163 negotii
1016 1060 1098 1134 facie
1111 1066 1336 1135 rhetoricetura
1360 1089 1473 1135 verum
1491 1086 1538 1150 ut,
1553 1092 1613 1139 ceu
1680 1053 1683 1059 ⁵

568 1169 772 1265 Xanthippus
791 1164 902 1267 aliquis
924 1161 1273 1249 adscensumue
1290 1160 1463 1265 disciplinae
1484 1170 1520 1240 in
1540 1166 1614 1268 ipssa

568 1271 661 1343 rebus
678 1269 838 1346 lectorem
854 1268 984 1354 doceat,
1008 1264 1126 1342 caussas
1138 1273 1215 1341 hinc
1228 1272 1389 1354 vidloriae,
1410 1270 1498 1341 illinc
1515 1270 1613 1363 cladis
1714 1349 1722 1365 ἱ

568 1375 610 1447 ob
629 1371 748 1445 oeulos
767 1392 887 1470 ponat,
910 1370 986 1473 quid
1004 1377 1037 1445 in
1057 1369 1209 1468 eligendo
1231 1373 1303 1445 belli
1321 1398 1458 1471 eampo,
1479 1373 1557 1473 quid
1578 1378 1613 1450 in
1691 1403 1728 1459 ,-

567 1472 751 1548 ordinanda
766 1479 848 1560 acie,
866 1473 942 1575 quid
957 1480 990 1547 in
1004 1470 1147 1547 subfidtis
1161 1471 1378 1575 disponendis,
1420 1474 1474 1547 uid
1489 1485 1524 1547 in
1538 1503 1614 1575 pro·

566 1576 731 1651 currendo
750 1576 1031 1664 concurrendove,
1052 1597 1107 1649 aut
1127 1578 1322 1677 excipiendo
1345 1503 1436 1649 nole
1462 1579 1541 1652 bene
1556 1599 1612 1653 aut

566 1676 667 1754 secius
680 1678 778 1752 suerit
795 1676 936 1753 sadum:
960 1686 1029 1782 quis
1044 1679 1137 1765 levis,
1157 1692 1227 1780 quis
1241 1687 1525 1783 gravissimarum
1541 1679 1613 1755 fue·

566 1788 606 1858 rlt
626 1778 718 1856 usus:
740 1788 902 1884 equiteme
915 1810 956 1856 an
970 1782 1092 1882 pedites
1105 1781 1146 1855 ad
1159 1780 1319 1859 summam
1334 1791 1440 1885 operis
1453 1787 1525 1886 plus
1538 1812 1611 1859 mo·

566 1892 667 1961 menti
689 1886 858 1959 attulerint.
910 1885 963 1959 Ad
986 1891 1102 1960 harum'
1120 1914 1227 1961 rerum
1243 1885 1477 1989 expositionem
1497 1887 1521 1959 ss
1541 1907 1611 1961 ora·

565 1995 690 2063 tionem
702 1987 811 2064 noller
822 1988 967 2063 adhibuit
978 1990 1071 2063 nullis
1082 1990 1268 2075 calamislris
1281 1992 1429 2078 inustam,
1440 1991 1533 2063 nullis
1546 1989 1609 2063 sra-

566 2095 653 2167 etam
672 2098 850 2180 cincinnis,
875 2119 913 2166 ac
931 2118 973 2165 ne
993 2091 1176 2195 diligentius
1197 2094 1328 2196 quidem
1348 2110 1541 2193 comptam,
1555 2091 1610 2168 sed

564 2192 739 2269 masculam
753 2202 791 2269 dr
806 2193 1053 2298 quodammodo
1066 2199 1259 2284 militarem,
1277 2224 1377 2297 opus,
1401 2194 1518 2280 credo,
1537 2224 1611 2270 cen·
1650 2195 1652 2199 ’

564 2297 684 2373 lorium
699 2296 789 2372 feeit.
839 2305 886 2372 Vt
906 2325 1006 2400 poma
1023 2296 1172 2400 quaedam
1193 2297 1263 2373 sunt
1276 2294 1411 2372 suaviter
1424 2294 1551 2400 aspera,
1572 2306 1609 2374 δι

565 2429 600 2474 sn
610 2408 691 2476 rino
705 2408 804 2474 nimis
820 2409 918 2475 reteri
932 2398 996 2503 ipsa
1010 2427 1071 2476 nos
1083 2401 1265 2476 amaritudo
1282 2402 1433 2487 deledlat,
1455 2401 1499 2474 src
1514 2398 1609 2476 inse·

565 2510 619 2577 riis
641 2501 1056 2681 'ffinllqdelcrlpmff
1075 2512 1183 2579 minus
1205 2503 1364 2683 ingrqlprp
1389 2502 1609 2683 culgaldpelio,
1716 2527 1718 2532 ·

565 2634 634 2680 non
738 2635 780 2681 au
807 2628 916 2682 entare
949 2621 991 2681 ιιι·
1042 2636 1066 2680 n
1084 2614 1206 2682 iuvan·
1355 2635 1416 2682 aue
1455 2636 1512 2702 oy
1536 2615 1608 2683 iana

565 2710 665 2785 die‘lio
685 2708 864 2796 eiusmodi,
886 2637 1001 2813 inqqua
1020 2711 1122 2785 multa
1144 2712 1258 2798 ve'rba,
1278 2714 1393 2804 multas
1406 2709 1542 2786 observo
1557 2712 1610 2785 lo·
1687 2701 1698 2712 ’

564 2820 710 2887 curiones
722 2820 757 2886 in
770 2813 877 2887 calltis
896 2822 1002 2901 nates,
1021 2820 1056 2888 ἀ
1071 2812 1249 2914 gloriosum
1263 2816 1353 2889 illum
1368 2820 1484 2889 Martis
1497 2815 1610 2897 pulve÷
1745 2829 1750 2840 ‘

564 2945 647 3004 rem,
660 2922 883 3018 potiusquam
898 2921 1062 2990 rhetorum
1074 2918 1218 3011 lecythus
1231 2926 1266 2993 ἀ
1279 2923 1444 3019 pigmenta
1461 2904 1607 2991 redolen-

564 3043 619 3096 tes.
653 3017 768 3121 quidni
791 3028 922 3092 autem.²
945 3022 1061 3093 maluit
1079 3023 1231 3117 Polybius
1254 3048 1401 3096 exercere
1421 3026 1455 3094 in
1475 3017 1623 3118 agendis,

564 3125 658 3197 rebus
681 3143 838 3224 quantum
859 3126 968 3197 habuit
986 3125 1194 3225 eloquentia,
1219 3153 1316 3227 quam
1338 3130 1428 3197 inerti
1453 3128 1523 3195 otio
1544 3117 1607 3194 sese

564 3224 657 3311 dare,
678 3248 715 3301 ut
734 3223 931 3327 sequeretur,
956 3248 1112 3329 quantum
1137 3235 1204 3300 eius
1223 3249 1348 3329 poterat
1365 3254 1425 3328 per
1437 3230 1607 3326 ingenium

563 3324 726 3429 consequi.
776 3333 862 3401 Nam
883 3326 961 3431 quid
979 3329 1066 3404 aliud
1081 3332 1121 3402 ab
1136 3358 1176 3403 eo
1191 3338 1318 3431 exigas,
1337 3337 1388 3402 cui
1408 3328 1607 3430 paullo-poll

562 3459 662 3533 quam
682 3457 724 3503 ex
741 3434 873 3530 ephebis
887 3431 1075 3519 excesserat,
1100 3436 1182 3533 legis
1198 3442 1333 3508 amrariae
1348 3441 1448 3532 gratia
1462 3430 1545 3505 sadla
1561 3429 1606 3504 est

562 3563 579 3607 a
593 3534 741 3608 concilio
754 3540 968 3622 Achaeorum,
991 3558 1026 3609 ut
1039 3544 1177 3638 negotiis
1192 3534 1223 3609 se
1237 3534 1447 3623 immisceret,
1465 3564 1504 3608 ac
1518 3538 1605 3635 lega·

561 3657 610 3712 tua
630 3643 666 3710 in
678 3640 859 3738 AEgyptum
874 3667 949 3711 curn
962 3661 1051 3737 patre
1063 3642 1200 3731 Lycorta
1215 3647 1250 3714 ὅ(
1264 3646 1362 3712 Arato
1376 3644 1462 3713 Arati
1478 3643 1513 3711 F.
1532 3632 1607 3738 pro·

560 3738 774 3818 nosceretur?
803 3738 926 3815 sadum
949 3741 993 3813 eil
1013 3747 1077 3815 hoc
1094 3740 1277 3825 decretum,
1300 3750 1383 3816 circa
1409 3747 1606 3841 principium

561 3841 769 3941 Olympiadis
787 3872 842 3921 cu.
892 3850 1002 3933 Vnus,
1026 3843 1142 3930 credo,
1163 3843 1225 3917 suit
1244 3873 1284 3918 ex
1303 3847 1454 3919 omnibus
1469 3850 1606 3946 antiquie

561 3944 740 4039 Dionyfius
756 3944 1029 4033 Halicarnasseus,
1048 3951 1101 4047 qui
1123 3969 1253 4048 propter
1273 3947 1423 4036 didlionis
1447 3953 1605 4026 incuriam

561 4055 718 4124 &miuus
730 4072 911 4123 accuratam
927 4052 1098 4122 verborum
1114 4051 1458 4149 comprelrenfionem,
1480 4055 1606 4130 rantu'm

562 4159 667 4225 virum
679 4156 851 4252 impolitis
867 4173 979 4226 notare
993 4150 1162 4225 sustineret.
1189 4161 1278 4227 cuius
1293 4160 1391 4227 critici
1408 4154 1524 4260 putidae
1536 4180 1605 4225 mo·

561 4255 674 4329 rofitati
701 4252 748 4330 fic
766 4256 842 4330 alibi
862 4252 1098 4355 respondimus,
1121 4276 1158 4329 ut
1172 4266 1268 4362 aequis
1282 4256 1438 4331 iudicibus
1458 4257 1606 4331 nostrum

563 4358 716 4434 iudicium
731 4362 909 4459 probatum
925 4365 962 4431 iri
977 4360 1190 4433 confidamus.
1231 4367 1344 4464 Neque
1361 4384 1470 4435 tamen
1485 4387 1605 4448 naevos,

563 4459 650 4570 liqui
672 4461 753 4542 sunt
775 4469 812 4540 in
832 4468 896 4539 hoc
915 4465 1132 4565 pulcherrimo
1153 4490 1305 4566 corpore,
1331 4464 1604 4540 dissumulavimus.

1140 4591 1204 4641 ca
1528 4594 1605 4642 nem
