4575 5592
546 717 551 736 ,
611 653 710 709 xvm
758 623 1472 733 -1s..cnsnvnon1rnnrnnro
1528 575 1532 700 ᾗ
1651 621 1659 632 ·

612 821 769 890 venientis
785 807 967 915 disciplinae
981 828 1102 912 genus,
1121 821 1305 886 maximum
1317 839 1425 886 rerum
1441 809 1657 912 gerendarum
1675 901 1678 906 ,

613 919 879 1004 instrumentum,
902 917 1020 990 habent
1043 923 1230 990 contemtui.
1281 921 1313 1010 O
1333 922 1404 1018 quis
1425 915 1479 989 ille
1488 913 1577 1002 erit,
1600 921 1669 1020 qui⁶

613 1048 712 1122 opera
731 1019 846 1094 cadem
867 1019 1036 1118 pristinum
1056 1019 1204 1093 hilloriae
1218 1015 1424 1120 splendorem
1439 1015 1595 1104 restituet,
1620 1025 1654 1092 dt
1680 1029 1682 1034 '

613 1126 813 1198 nobilitatem
826 1123 983 1196 Gallicam
1001 1151 1041 1196 cx
1063 1125 1249 1196 hocerrore
1264 1129 1399 1196 inviam
1414 1125 1536 1196 redlatn
1551 1119 1655 1196 fittett
1678 1167 1680 1174 ·

613 1225 668 1302 illa
688 1225 821 1327 quidem
846 1225 956 1298 literas.
969 1253 1037 1298 non
1058 1224 1148 1314 odit3
1187 1253 1252 1300 non
1275 1227 1383 1322 obtusa
1403 1233 1479 1302 adeo
1497 1228 1658 1326 gestamus

608 1331 737 1425 pedor-o
756 1333 864 1406 Galli.-
890 1325 945 1402 sed
963 1357 1099 1430 quarum
1119 1329 1283 1402 literarum
1298 1357 1391 1401 verus
1410 1335 1445 1402 in
1464 1325 1588 1402 utendo
1610 1327 1657 1400 ell

610 1429 753 1522 fruetus,
786 1437 859 1533 quia
885 1430 1012 1505 nullum
1040 1459 1151 1504 earunt
1177 1430 1265 1504 videt
1285 1429 1377 1507 usum
1400 1459 1483 1533 pene
1504 1425 1685 1534 dixerim]¹

610 1542 730 1608 merito
753 1542 942 1610 contemnit.
991 1537 1083 1608 Nihil
1103 1560 1264 1620 erraver0,
1289 1532 1312 1608 st
1340 1531 1472 1621 dixere,
1499 1527 1654 1620 interesse,

611 1659 649 1711 ut
676 1635 823 1738 generosi
848 1633 996 1726 iuvenes,
1028 1665 1109 1738 quos
1132 1643 1294 1710 maiorum
1320 1643 1494 1736 imagines,
1518 1658 1574 1710 aut
1597 1643 1672 1732 irn-¹

609 1761 703 1842 petus
733 1744 853 1826 arrirni,
883 1747 920 1832 ὃς
951 1740 1058 1814 vivida
1084 1747 1133 1814 vis
1165 1745 1284 1838 ingenii
1313 1737 1473 1840 spondent
1496 1737 1538 1812 ad
1571 1733 1682 1824 reus-,¹

610 1843 699 1945 publ
730 1848 846 1929 ituros,
878 1870 985 1918 errore
1016 1865 1104 1916 tanto
1133 1843 1279 1928 liberati,
1311 1841 1405 1915 sludii
1435 1848 1529 1917 huius
1560 1845 1656 1918 bene·

609 1947 689 2022 ficio
725 1967 870 2030 utantur,
906 1973 972 2047 quo
1007 1945 1048 2038 ad
1079 1943 1159 2020 iussa
1197 1941 1383 2046 capessenda
1414 1951 1587 2044 paratiores
1619 1953 1654 2022 dt

611 2049 765 2124 omnibus
782 2049 874 2130 rebus
899 2049 1112 2126 instrudliores
1132 2047 1295 2122 accedant.
1347 2049 1579 2124 liberabuntur
1598 2059 1678 2124 au·'

610 2177 695 2240 tem,
721 2150 747 2226 li
768 2147 944 2252 persuaderi
965 2148 1062 2226 semel
1082 2153 1142 2226 illis
1162 2159 1318 2254 potnerit,
1340 2171 1375 2224 ut
1388 2179 1548 2252 magnum
1564 2157 1653 2228 hunc
1674 2235 1678 2246 ,

608 2252 797 2356 scriptorem
816 2261 851 2328 in
869 2253 1037 2329 consilium
1052 2255 1241 2340 adhibeants
1264 2260 1330 2330 eius
1347 2260 1380 2328 in
1395 2251 1520 2330 sunmta
1534 2254 1653 2330 dauri·

609 2388 651 2433 na
664 2386 776 2460 parem
789 2355 1013 2457 prudentiam,
1031 2351 1100 2432 non
1114 2355 1279 2458 degullare
1293 2355 1501 2446 summatim,
1519 2351 1573 2446 sed
1596 2385 1650 2460 pe·

609 2469 693 2535 nitus
708 2463 805 2540 uelint
815 2465 979 2534 imbibere.
1031 2469 1106 2560 Qo
1119 2470 1263 2536 maxime
1279 2489 1359 2560 opus
1371 2464 1507 2546 habent,
1523 2459 1652 2536 docebit
1669 2459 1672 2466 ’

609 2591 666 2638 eos
684 2565 855 2658 Polybius,
874 2591 942 2638 non
959 2563 1066 2638 solnm
1086 2593 1183 2666 quarn
1198 2569 1310 2638 uberes
1325 2561 1449 2640 frudlus
1461 2561 1502 2638 ad
1514 2571 1653 2644 rationes

608 2673 681 2741 vitae
701 2667 787 2766 gella
811 2673 973 2742 maiorum
990 2667 1053 2740 hnt
1072 2665 1146 2768 ipsis
1166 2669 1312 2752 allatura,
1339 2675 1565 2742 verumetiam
1586 2695 1653 2771 quo

609 2774 706 2870 padio
726 2777 889 2870 percipere
909 2771 983 2844 illos
1005 2769 1066 2844 fint
1085 2771 1222 2848 valituri.
1278 2769 1334 2844 Est
1354 2777 1462 2884 utique
1482 2777 1652 2872 proprium

607 2879 673 2948 hoc
694 2879 817 2946 eximio
838 2878 913 2947 huic
932 2877 1074 2962 auc‘lori,
1098 2872 1186 2976 quod
1207 2873 1272 2948 duo
1295 2872 1391 2948 lirnul
1409 2880 1477 2974 pari
1492 2871 1559 2948 sere
1576 2901 1650 2956 cure

608 2983 695 3076 agit,
707 2997 742 3048 ut
753 2994 858 3048 nanet
870 3005 908 3050 ac
921 3000 1062 3054 moneat.
1088 2979 1169 3050 benc
1182 3007 1219 3052 ac
1233 2973 1398 3078 perspicue
1411 2975 1559 3052 narrandi
1572 2979 1652 3066 laus,

509 3088 510 3093 ’
607 3107 685 3152 cum
704 3085 816 3152 ceteris
829 3079 1043 3181 praeliantibus
1058 3079 1212 3154 historicis
1227 3083 1268 3154 illi
1284 3088 1487 3171 communis3
1511 3079 1651 3156 fideliter

608 3181 764 3256 monendi
784 3210 860 3256 curn
879 3190 1005 3284 paucis:
1024 3205 1079 3258 aut
1094 3201 1130 3256 ut
1144 3191 1247 3258 verius
1263 3183 1391 3272 dicant,
1413 3213 1490 3258 cum
1508 3189 1649 3260 nemine.

605 3288 706 3386 Nego
727 3292 813 3358 enirn
839 3314 878 3360 ex
899 3283 1045 3360 universo
1059 3314 1194 3361 nurnero
1209 3292 1397 3362 Graecorum
1410 3309 1465 3362 aut
1480 3291 1650 3362 Romano·

606 3415 681 3462 turn
699 3397 825 3488 generis
845 3395 936 3464 huius
955 3386 1166 3492 scriptorum,
1192 3393 1242 3464 vel
1258 3397 1389 3486 unicum
1405 3385 1494 3491 posse
1506 3383 1670 3490 reperiri,''

604 3499 659 3593 qui
682 3499 749 3591 pari
772 3491 836 3564 lide
850 3501 884 3566 ἀ
897 3521 969 3567 cura
982 3491 1049 3567 duo
1061 3499 1129 3566 hnc
1143 3501 1353 3568 coniunxerit.
1378 3492 1456 3597 quid
1471 3500 1649 3568 mirentur?

603 3591 774 3695 personam
793 3595 934 3669 hillorici
957 3625 1032 3670 cum
1052 3593 1191 3670 assumsit
1210 3597 1380 3691 Polybius,
1402 3623 1472 3670 nou
1493 3601 1527 3670 in
1540 3617 1647 3672 totum

603 3703 692 3771 exuit
713 3696 904 3798 philosophi.
955 3697 1167 3802 Philosophus
1187 3707 1374 3789 enituerat,
1401 3695 1454 3772 scd
1469 3705 1552 3792 ¹vita,
1576 3724 1647 3774 non

586 3799 732 3900 ¹linguat:
755 3804 922 3903 operibus,
946 3830 1015 3876 non
1029 3799 1243 3877 sermonibus:
1268 3807 1360 3878 rebus
1374 3801 1465 3902 ipsrs,
1488 3829 1558 3876 non
1572 3828 1647 3902 pro·

602 3899 738 3978 sessione
750 3913 783 3978 ἃ
798 3911 885 3980 inani
897 3903 1009 4006 specio.
1038 3933 1137 4006 porro
1152 3929 1186 3979 ut
1200 3927 1302 4006 poetae
1316 3904 1487 4004 lingendo,
1504 3905 1645 3978 hislorici

602 4003 781 4096 narrando,
802 4007 846 4081 stc
866 4007 1050 4110 philosophi
1072 4008 1291 4084 monendo&
1310 4005 1526 4111 precipiendo
1544 4012 1644 4080 vitam

601 4113 777 4184 horninum
796 4119 956 4212 corrigere
999 4112 1178 4214 topoliturn
1198 4115 1323 4186 habent.
1375 4117 1446 4186 lure
1467 4117 1566 4211 igitur
1587 4103 1644 4182 suo
1688 4157 1693 4172 ·

601 4209 648 4285 est
666 4209 756 4302 usus,
782 4243 857 4289 cutn
879 4141 998 4290 diver-ll
1022 4245 1154 4290 munera
1175 4224 1207 4289 in
1224 4243 1325 4288 unuin
1339 4221 1559 4312 coniungens,
1582 4239 1645 4312 qua

601 4313 779 4404 narrando,
807 4346 869 4420 qua
895 4317 1062 4392 monendo
1083 4319 1179 4392 firnul
1201 4327 1346 4394 humano
1366 4321 1475 4418 generi
1498 4311 1646 4418 prodesse

600 4416 647 4492 esl
659 4442 807 4522 conatus
825 4431 976 4510 narratio,
989 4429 1176 4523 cognitione
1190 4450 1299 4520 rerum
1314 4429 1473 4496 variarunt
1485 4419 1644 4594 lcdpprern

1497 4526 1530 4592 in
1559 4525 1643 4594 ruite
