4575 5592
637 639 753 731 'xxvi
843 651 1224 728 mensurium
1246 651 1525 752 rnnrnuro

659 837 900 924 consecrarunt,
920 841 960 915 ’δι
978 865 1093 914 omuet
1113 839 1264 916 heroibus
1284 836 1401 914 defeni
1426 836 1535 916 solitos
1560 847 1702 917 honoret

658 952 688 1018 ei
710 942 927 1017 decreverunt.
988 948 1087 1018 Hunc
1115 943 1212 1016 talem
1238 950 1346 1016 virum
1368 943 1518 1036 Polybius
1543 951 1705 1044 precipue

658 1047 785 1123 uidetur
800 1039 984 1145 suspexisse,
1006 1044 1097 1148 quod
1112 1073 1152 1119 ex
1171 1048 1250 1121 locis
1267 1047 1411 1146 plurimis
1425 1053 1531 1146 operis
1551 1047 1637 1120 illius
1656 1043 1702 1120 la·

659 1155 720 1226 cile
740 1147 843 1250 potest
862 1149 1007 1247 intelligi.
1036 1172 1070 1222 at
1089 1175 1158 1222 non
1176 1146 1331 1226 eusenius
1346 1171 1455 1222 tamen
1470 1158 1555 1223 Arati
1573 1173 1704 1268 peccata

660 1273 919 1352 commemorat,
954 1251 1081 1327 tardum
1103 1255 1137 1324 in
1160 1249 1302 1326 consiliis
1320 1251 1543 1352 excogitandis
1564 1279 1704 1338 vocans,

624 1441 628 1448 .
659 1365 817 1459 ignauum
835 1362 996 1428 interum
1015 1359 1265 1454 inceptiouibus,
1285 1383 1404 1453 patum
1425 1355 1559 1429 firmum
1579 1356 1621 1429 ad
1641 1362 1704 1444 mi-

659 1467 803 1536 cantium
823 1457 1008 1558 gladiorum
1029 1455 1258 1558 conspesium.
1282 1456 1388 1533 salutis
1415 1455 1578 1532 sociorum
1600 1459 1704 1557 negli-

660 1586 813 1667 gentem,
845 1567 1013 1636 auclorem
1039 1566 1171 1634 unicum
1190 1559 1288 1634 cladis
1310 1559 1354 1635 ad
1369 1566 1528 1661 ,eapnyn
1548 1583 1704 1662 accepta:

658 1664 1177 1869 iiliisssiiliiss’rsssiii
1196 1665 1419 1870 silisis
1432 1661 1704 1841 silisis?

657 1866 1706 2153 {32¹²flitl‘qiirfflilldimisistis·,tilii

684 2099 867 2179 eprecatur;
887 2075 1147 2176 gravissimasque
1161 2080 1255 2150 huius
1269 2081 1424 2151 varietatis
1436 2072 1566 2162 caussas,
1579 2083 1615 2149 ἀ
1628 2104 1706 2151 cum

660 2181 807 2267 dehoc,
831 2188 866 2254 rit
889 2208 966 2254 curn
986 2175 1028 2252 de
1043 2183 1142 2252 Arato
1166 2179 1325 2280 loquitur,
1348 2176 1472 2281 profert
1492 2186 1527 2253 in
1548 2179 1705 2256 medimn.

659 2286 754 2362 Nulli
772 2281 920 2358 videlicet
939 2282 1131 2358 mortalium
1152 2285 1197 2356 ita
1217 2277 1347 2381 superor
1366 2280 1541 2368 indulsisse,
1572 2303 1608 2356 ut
1636 2309 1707 2356 non

660 2387 842 2473 interdum,
862 2385 1010 2460 liminua
1023 2381 1122 2484 sape,
1142 2382 1229 2458 aliud
1244 2406 1337 2486 agat,
1355 2408 1410 2460 aut
1422 2388 1505 2460 malo
1520 2406 1604 2486 agat.
1628 2392 1707 2486 quin

659 2495 797 2568 humaui
819 2495 940 2587 ingenii
958 2517 1032 2564 earn
1051 2483 1113 2561 else
1132 2485 1374 2574 conditionem,
1399 2510 1520 2563 utnon
1540 2487 1645 2562 solunt
1672 2495 1707 2562 in

661 2591 792 2669 diversis
813 2594 978 2666 virtutibus
997 2588 1086 2665 idem
1106 2595 1210 2664 homo
1233 2611 1383 2690 appareat
1402 2594 1480 2664 alius
1501 2609 1595 2690 arque
1609 2593 1707 2665 alius:

661 2693 717 2771 sed
738 2701 837 2770 etiarn
856 2701 891 2768 in
908 2693 1024 2768 eadum
1043 2689 1125 2792 saepe
1140 2693 1253 2796 aliquis
1274 2691 1330 2765 libi
1353 2691 1391 2765 lit
1410 2692 1581 2766 dissimilis.
1616 2691 1706 2764 idem

619 2887 623 2892 ¹
662 2797 755 2875 sortis
777 2804 810 2872 in
830 2795 1056 2894 defendendo,
1083 2803 1219 2896 ignavus
1235 2801 1268 2868 in
1284 2791 1523 2894 aggrediendo,
1546 2790 1707 2867 animosus

661 2908 698 2978 iu
710 2899 862 3001 singulari
875 2928 917 3001 pu
965 2926 1002 2988 aa
1023 2901 1190 2973 cuuslator
1202 2898 1389 3000 inpublica,
1401 2897 1443 2972 ad
1457 2901 1600 2973 Martem
1617 2923 1706 2997 aper·

661 3027 734 3081 tum
752 3024 863 3120 apprsa
886 2927 1079 3077 assandus
1101 3008 1243 3100 ineptus,
1265 2998 1370 3075 audax
1389 3007 1425 3082 in
1446 3023 1544 3086 terra,
1565 2997 1707 3100 toepidua

661 3114 698 3182 in
716 3105 987 3193 mari‚'coullanu
1001 3101 1148 3178 adversus
1162 3110 1334 3178 iuuentem
1352 3105 1498 3194 holitum
1524 3103 1707 3204 pavidueiu

660 3208 855 3311 excipiendo
874 3235 972 3282 cervo
991 3227 1047 3283 aut
1060 3233 1150 3306 apro.
1202 3210 1299 3282 Mene
1313 3229 1461 3308 praterea
1476 3213 1649 3307 uuicuique
1662 3224 1707 3277 ta·

660 3316 711 3400 lie,
727 3311 893 3405 (divinitus
905 3315 1056 3385 Homero
1070 3309 1212 3408 dietum)
1224 3337 1321 3411 quarn
1333 3317 1367 3384 iu
1382 3309 1450 3386 dieu
1462 3309 1605 3411 singulos
1618 3313 1705 3383 Deus

660 3411 813 3516 suggerit.
840 3441 911 3489 nou
929 3415 1027 3514 igitur
1047 3408 1197 3514 personas
1214 3433 1343 3512 agente·
1363 3409 1504 3515 spoliare
1518 3413 1708 3488 historicum

662 3518 799 3604 debere,
816 3513 872 3592 sed
894 3515 987 3590 saslit
1006 3522 1189 3590 orationem
1211 3511 1303 3589 suam
1324 3514 1500 3621 adaquare.
1551 3523 1598 3590 Vt
1616 3521 1709 3590 eninr

661 3622 789 3698 Phidias
801 3626 970 3696 materiam
983 3617 1025 3692 ad
1038 3617 1165 3705 llatuae,
1184 3645 1298 3692 aurum
1310 3620 1362 3694 vel
1374 3641 1542 3722 argentum
1556 3620 1597 3692 ab
1612 3624 1709 3692 Athe·

661 3723 821 3802 nienfibn
840 3719 965 3796 sumere
987 3717 1112 3808 solitus,
1136 3747 1206 3796 nou
1226 3719 1291 3822 ipse
1306 3719 1409 3798 domo
1428 3720 1648 3825 suppeditare3
1672 3729 1709 3797 &

660 3825 798 3904 floridos
817 3823 945 3900 colores
963 3824 1116 3900 domium
1133 3831 1279 3927 pingenti
1299 3826 1380 3900 olim
1421 3827 1578 3914 raellabata
1601 3824 1646 3899 lic
1660 3852 1708 3898 rc·

661 3955 738 4005 rum
752 3927 914 4030 gestarum
927 3925 1113 4029 scriptores,
1134 3953 1203 4002 non
1218 3924 1339 4002 faciunt
1358 3855 1420 4032 ipss
1427 3935 1535 4030 operis
1547 3926 1593 4002 sui
1608 3948 1708 4001 mate·

659 4039 763 4119 tienr,
788 4052 958 4208 poeugum
977 4057 1081 4153 more,
1102 4027 1157 4104 sed
1168 4031 1209 4152 ab
1222 4035 1259 4104 iis
1274 4037 1433 4154 accipiunt
1438 4087 1457 4154 ,¹
1472 4039 1527 4154 gui
1543 4027 1708 4208 sgribernhr

731 4153 832 4210 erunt
910 4154 1090 4208 ruetram
1110 4159 1133 4206 ο
1157 4153 1230 4206 ιιιιιι
1271 4161 1303 4206 ιιι
1326 4163 1366 4208 ue
1387 4163 1445 4208 vrri
1470 4156 1553 4208 mter
1577 4163 1635 4209 um
1655 4159 1709 4206 ve·

661 4131 753 4318 mr
769 4161 948 4338 culpandi:g
968 4235 1090 4338 pellimi
1111 4161 1415 4338 qslique‚qnlenter
1434 4234 1581 4325 sortasse,
1607 4258 1639 4310 at
1655 4263 1708 4308 ve·

662 4347 753 4418 uiant
769 4362 878 4415 tamen
889 4367 1122 4442 nonnunquam
1135 4333 1299 4415 laudandi.
1348 4345 1527 4442 Eapropter
1541 4345 1710 4441 reprehen·
1729 4409 1731 4415 .

596 4521 602 4528 ,
660 4439 714 4528 fiat
728 4443 871 4523 auossro
887 4441 934 4518 est
946 4445 1113 4529 Timaeus,
1136 4441 1189 4518 ille
1206 4441 1434 4520 historicorum
1450 4439 1708 4519 maledicentissi-

1073 4623 1081 4632 .
1622 4569 1711 4634 mus,

633 4680 636 4684 ’
760 4669 777 4714 0
