4575 5592
602 667 691 719 xtrv
795 641 1476 718 tucusuvuotttruuruTro
1542 701 1548 710 .

601 846 726 932 purtem
740 833 861 926 ettigit,
875 830 937 927 'qui
954 829 1147 902 exercitibus
1161 827 1254 904 nullis
1268 856 1425 934 umquam
1439 826 1587 930 praefuit,
1607 860 1647 906 ac
1694 818 1698 838 ⁵

602 959 643 1008 ue
666 927 809 1004 interfuit
827 931 978 1029 quidem,
994 936 1132 1029 opinor,
1154 939 1210 1033 qui
1225 959 1332 1006 rerum
1347 929 1439 1007 usum
1453 940 1655 1035 experientia

601 1036 774 1112 collectum
791 1034 918 1106 nullum
939 1035 1067 1121 habuit,
1095 1042 1148 1137 qui
1175 1036 1310 1110 hilloriae
1339 1042 1496 1111 Romana:
1523 1055 1656 1137 partem·

601 1143 744 1213 maxime
758 1138 896 1223 erilem,
917 1143 1061 1212 maxime
1075 1137 1459 1213 incertam-&obscuram
1474 1138 1654 1233 (eiunnodt

600 1239 727 1340 semper
741 1237 803 1313 elle
822 1239 1002 1339 primordie
1018 1233 1110 1316 autea
1122 1242 1336 1330 ostendimus)
1352 1250 1463 1346 inqua
1476 1241 1508 1316 se
1522 1269 1656 1317 exerceo

601 1367 649 1419 ret
664 1343 800 1442 delegit,
823 1351 878 1445 qui
895 1344 1032 1444 denique
1045 1371 1145 1418 omne
1166 1343 1261 1421 suum
1283 1345 1424 1420 lludium
1444 1343 1573 1420 dicendi
1596 1375 1656 1449 pa·-

602 1445 703 1522 r'aoda
724 1444 874 1520 facultate
892 1443 1006 1546 posuit.
1048 1445 1226 1548 lolephus,
1247 1451 1360 1551 populi
1375 1458 1469 1524 unior
1485 1476 1533 1523 ree
1548 1450 1657 1550 goslar

603 1560 638 1627 dt
651 1545 744 1624 ‘casus
767 1551 993 1625 memorabiles
1014 1546 1178 1642 describit,
1211 1556 1348 1628 breviter
1372 1552 1505 1656 quidem
1527 1559 1563 1628 dr
1585 1553 1651 1625 liri·

604 1659 685 1730 dlim
696 1661 731 1726 iu
744 1657 941 1752 originibus,
963 1653 1089 1728 uberius
1104 1682 1182 1730 vero
1194 1661 1229 1729 in
1239 1659 1336 1731 altera
1351 1658 1501 1730 hilloria:
1525 1661 1580 1756 qui
1602 1662 1656 1729 vir-

604 1764 761 1843 eximiua,
772 1756 803 1829 ·sr
817 1764 988 1832 materiam
1001 1755 1043 1830 ad
1056 1758 1222 1858 agendum
1237 1765 1363 1862 primo,
1387 1756 1505 1834 deinde
1519 1755 1562 1831 ad
1578 1753 1652 1832 scri·

603 1859 761 1946 bendum,
780 1881 898 1961 quantu
908 1861 1048 1953 Polybio
1061 1866 1198 1963 obtigit,
1215 1861 1300 1939 foret
1313 1868 1434 1951 nudius,
1455 1862 1496 1936 de
1513 1860 1657 1964 dignitu-¹

605 1987 637 2039 te
654 1971 689 2038 δι
708 1965 884 2063 praestantia
901 1959 1082 2064 scriptionis
1099 1973 1217 2040 merito
1232 1964 1293 2042 -suo
1308 1967 1442 2042 dubiam
1455 1989 1550 2070 atque
1564 1971 1657 2038 anci-2

604 2073 708 2171 pitem
728 2094 803 2142 cum
824 2063 896 2170 ipso
914 2068 1056 2167 palmam
1069 2076 1175 2168 potuit
1190 2073 1316 2145 lubere.
1365 2059 1511 2172 Magnus
1523 2070 1576 2142 vel
1594 2093 1656 2170 poa

596 2177 668 2270 'tior
675 2177 841 2244 maximus
854 2172 1060 2256 Plutarchus,
1081 2167 1140 2245 led·
1149 2179 1204 2275 qui
1218 2173 1383 2248 historiam
1397 2167 1653 2278 πραγματικὴ

606 2301 648 2350 ex
664 2270 808 2376 profesio
824 2301 989 2376 nmquam
1008 2271 1188 2374 scripserit,
1205 2283 1240 2350 in
1260 2281 1353 2352 huius
1370 2283 1654 2378 comparationem

606 2384 717 2452 venire
740 2403 811 2452 non
833 2376 880 2451 eil
898 2398 1001 2477 apim.
1033 2378 1140 2451 multo
1161 2387 1269 2454 minus
1288 2387 1449 2481 llpiauur,
1473 2386 1527 2481 qui
1547 2403 1653 2480 neque

606 2486 736 2583 propria
750 2481 850 2555 multa
860 2482 974 2568 babet,
993 2486 1030 2555 dt
1040 2486 1200 2555 rationem
1215 2482 1370 2583 propoliti
1385 2505 1455 2557 roto
1471 2506 1589 2582 genere
1605 2480 1654 2554 di·

606 2581 730 2657 versam
743 2583 788 2655 cll
801 2580 935 2659 secutus..
980 2585 1162 2657 Cocceium
1176 2589 1320 2659 Dionem
1337 2594 1418 2659 iuter
1429 2587 1554 2659 nobiles
1565 2587 1656 2656 Grue-¹

606 2715 653 2761 eae
677 2687 795 2787 liuguae
820 2684 1385 2786 historicos-possumurrecensere:
1420 2693 1462 2760 ita
1482 2708 1592 2760 tamen
1618 2708 1657 2759 ut

607 2795 869 2893 propteromniu
886 2789 946 2863 alia
962 2796 1067 2889 potius
1083 2788 1230 2864 videatur
1243 2788 1441 2877 laudanduu,
1464 2815 1564 2892 quam
1579 2812 1654 2888 pro·

606 2915 679 2998 pter
699 2893 769 2983 illa,
780 2921 865 2995 ·quae
883 2899 920 2965 irr
936 2893 1073 2986 Polybio
1094 2891 1301 2974 admiruntur.
1357 2899 1387 2971 Ε
1406 2895 1565 2968 veteribus
1585 2894 1654 2965 uu

607 3002 730 3081 mauis,
753 3004 808 3099 qui
833 3001 984 3095 usquein
1005 3000 1193 3071 Graecorum
1216 2996 1423 3099 ingeniorum
1440 3017 1516 3070 com
1541 3000 1655 3082 aratio·

607 3129 686 3177 uem
705 3095 777 3191 suut
797 3105 919 3187 evodii,
943 3125 1082 3201 magnus
1102 3106 1241 3175 ou'ruiuo
1260 3103 1373 3176 audior
1386 3099 1433 3174 est
1445 3025 1576 3201 Grillius
1589 3097 1656 3172 su·-

607 3204 738 3288 luilius,
763 3198 816 3279 led
837 3228 935 3304 quem
958 3205 1112 3297 Polybiou
1128 3224 1262 3305 propter
1279 3203 1528 3307 amplitudinem
1549 3209 1585 3277 dc
1601 3229 1656 3274 ra·

607 3316 753 3384 rietatem
769 3303 917 3392 subiedii,
939 3306 1050 3380 iudicii
1070 3307 1312 3397 rediitudinem,
1336 3306 1493 3383 dodlriuae
1512 3311 1657 3408 copiam,

630 3441 671 3490 ua
691 3410 838 3484 civilium
861 3437 987 3492 rerum,
1012 3438 1076 3511 qua
1099 3411 1311 3500 bellicarum,
1336 3411 1502 3516 postremo
1521 3429 1656 3513 propter

607 3443 714 3605 diam,
737 3543 807 3619 quar
827 3518 948 3588 Graecia
965 3510 1080 3587 dicitur
1100 3508 1192 3603 iiber
1213 3509 1389 3607 delborae,
1411 3542 1542 3619 queque
1561 3521 1594 3588 iu
1608 3517 1656 3586 bi·

607 3624 703 3700 storia
723 3619 774 3694 vel
797 3624 941 3693 maxime
957 3615 1052 3706 debet
1068 3613 1219 3718 speclari,
1244 3620 1343 3720 longe
1355 3648 1374 3694 a
1388 3641 1481 3724 tergo
1496 3618 1656 3720 relinquit.

653 3724 745 3801 od-sr
765 3730 930 3799 ueritatem
946 3721 1181 3795 &libertatem
1209 3720 1317 3798 iudicii
1346 3719 1500 3798 hodierna
1524 3725 1656 3820 iugenio

607 3749 692 3909 dentre
707 3823 853 3931 pulsuum
874 3833 900 3899 ir
913 3821 1062 3926 profedio
1078 3823 1141 3900 fuit
1152 3823 1332 3913 Sallustius,
1347 3832 1384 3901 dc
1398 3831 1462 3900 uita
1474 3833 1509 3900 dt
1521 3821 1655 3925 scriptis,

608 3941 663 4040 qui
678 3936 828 4006 omnium
844 3929 1017 4004 libidinum
1034 3925 1158 4017 meur,
1182 3928 1228 4004 fic
1246 3929 1386 4004 aliorum
1398 3934 1482 4003 vitiis
1496 3947 1654 4031 perpetuo

609 4034 809 4121 irasceretur,
831 4033 922 4137 quast
938 4029 1105 4107 invideret.
1130 4030 1208 4106 inde
1222 4031 1269 4105 eli
1280 4031 1370 4106 illud
1390 4052 1463 4107 trux
1477 4041 1513 4106 dt
1533 4031 1656 4106 violeu-

557 4141 564 4162 '
608 4163 681 4218 tum
702 4134 830 4214 dicendi
848 4163 968 4239 genus,
996 4159 1063 4239 quo
1080 4137 1236 4213 lediorem
1255 4135 1572 4222 mirilicelinterdum
1585 4130 1656 4207 affi-

607 4253 674 4333 cit,
698 4248 809 4329 nulrit,
833 4246 1068 4341 rapit-omitto
1090 4238 1197 4315 dioere
1218 4240 1347 4313 deeius
1369 4237 1531 4325 dictione,
1554 4263 1655 4339 quam

611 4347 708 4426 multi
728 4364 872 4418 veterum
893 4341 986 4418 valde
998 4342 1185 4430 laudarunt,
1209 4342 1301 4415 multi
1315 4367 1383 4440 nou
1397 4343 1496 4432 adeo,
1520 4339 1655 4444 quidam

610 4456 821 4528 uehementer
845 4451 1075 4550 improbarunt.
1095 4488 1100 4496 ·
1124 4451 1287 4549 Magnus,
1310 4449 1399 4520 Deus
1421 4447 1524 4534 boue,
1542 4445 1656 4622 aTudlloir
