4575 5592
896 667 966 744 AD
984 669 1084 744 svn
1106 666 1420 744 POLYBIANA.
1628 689 1679 744 tv

627 873 700 930 tutu
714 853 851 958 'utrique
863 835 949 957 'perti
970 881 1108 958 equum.
1157 853 1214 928 Est
1231 860 1328 928 etiam
1345 849 1403 927 ubi
1420 850 1675 950 videaturl’oly.

628 962 699 1032 biua
716 965 914 1034 veteratoriis
934 962 1052 1033 artibus
1073 953 1166 1044 ulus,
1195 964 1473 1059 praevaricatorem
1496 983 1610 1057 agere,
1634 965 1671 1035 dt

625 1065 785 1136 Romania
800 1067 844 1136 ita
856 1067 1065 1163 patrocinari,
1085 1081 1121 1133 ut
1133 1087 1249 1135 eonrm
1262 1058 1481 1160 cupiditatem,
1503 1086 1602 1161 quarn
1615 1059 1670 1135 de*

625 1162 756 1240 fenden
776 1163 916 1252 studeat,
943 1162 1153 1239 deridendam
1174 1167 1354 1263 praebuerit.
1386 1159 1394 1172 ’
1412 1162 1510 1237 Vnde
1530 1164 1682 1264 colligo,-

624 1270 762 1361 Polybiu
782 1294 887 1369 neque
905 1263 1031 1341 sensum
1051 1273 1136 1354 ven‘,
1158 1294 1263 1369 neque
1282 1267 1483 1342 voluntatem
1503 1292 1544 1339 ex
1566 1255 1673 1341 animi¹

623 1365 776 1444 sententia
804 1370 953 1458 dicendi,
987 1367 1139 1455 defuisse,
1168 1366 1231 1470 ¹sed
1260 1369 1384 1448 locum.
1415 1374 1557 1470 -Ecquis
1584 1395 1669 1442 unua

619 1480 774 1570 omniurn
794 1474 964 1548 neeeffitati
978 1501 1047 1548 non
1059 1471 1172 1548 seruiat
1187 1469 1312 1560 eidem,
1338 1470 1454 1547 eadem
1473 1473 1537 1547 loci
1553 1477 1676 1574 iniquia·

621 1597 684 1649 tate
702 1573 883 1650 conclusus.
920 1579 1009 1650 Erat
1029 1578 1182 1671 Polybius
1202 1582 1236 1652 in
1256 1576 1409 1678 poteslate
1425 1581 1666 1664 Romanorum,

620 1675 765 1753 fortunas
787 1686 824 1752 iis
841 1676 912 1752 suas
934 1680 1070 1754 debebat
1089 1704 1223 1766 omnes,
1241 1702 1416 1781 earumque
1433 1678 1607 1753 constantia
1623 1699 1666 1755 ex
1738 1745 1740 1750 .

619 1783 783 1855 voluntate
800 1786 1027 1856 Romanorum
1045 1803 1118 1883 apta
1137 1803 1225 1870 erat3
1248 1783 1425 1884 plurimum
1441 1787 1558 1856 Rornae
1575 1801 1676 1882 potes·

618 1907 684 1972 tat,
706 1884 869 1984 (proinde
889 1907 984 1985 arque
1003 1891 1131 1958 homini
1152 1911 1259 1985 graeco
1281 1889 1324 1958 ibi
1345 1885 1460 1959 licebat
1478 1882 1584 1984 posse)
1598 1889 1678 1959 Sei:

617 1995 758 2089 pionum
777 1994 879 2088 gratia
896 1987 995 2061 stabat
1008 2009 1062 2061 aut
1073 1987 1223 2073 cadebat,
1242 2014 1382 2090 quorum
1398 1988 1558 2062 beneficiis
1569 1993 1605 2064 ἀ
1617 1983 1670 2062 fa«
1713 2015 1717 2026 ·

616 2093 798 2164 miliaritate
819 2090 987 2165 obllrislus
1004 2095 1189 2179 tenebatur3
1213 2090 1296 2194 quot
1311 2095 1475 2177 auctores,
1495 2115 1576 2192 quos
1594 2115 1667 2163 mo·

616 2191 798 2278 demones,
828 2220 911 2294 quos
931 2191 1076 2267 censores
1101 2200 1137 2268 dt
1166 2191 1254 2294 quasi
1281 2192 1505 2267 emendatores
1530 2193 1668 2267 habebat

614 2295 757 2371 billoriae
776 2292 858 2383 suae,
882 2302 936 2398 qui
957 2293 1075 2396 passuri
1098 2322 1167 2369 non
1189 2316 1297 2394 erant,
1320 2315 1356 2369 ut
1370 2302 1405 2368 in
1421 2296 1589 2370 annalibus
1603 2293 1665 2378 suit

613 2397 737 2502 aliquid
765 2392 806 2472 ad
828 2401 976 2483 Grecos,
1007 2398 1179 2499 populares
1205 2392 1295 2484 suos,
1326 2395 1477 2499 proderet
1498 2400 1667 2492 Polybius,

611 2497 704 2604 quod
729 2504 836 2601 gentis
856 2504 1017 2575 Corneliae
1037 2503 1209 2601 cunctique
1233 2504 1266 2573 P.
1286 2503 1327 2576 R.
1352 2501 1470 2601 gloriar·
1484 2499 1665 2601 derogaret.

610 2609 732 2706 Neque
743 2601 920 2690 Censores,
944 2626 998 2677 aur
1015 2603 1041 2677 li
1059 2609 1114 2705 qui
1129 2601 1398 2703 alii'magistratus
1411 2610 1665 2679 commentarios

608 2713 652 2781 in·
669 2708 787 2806 vulgus
805 2704 951 2779 edendos
972 2706 1221 2806 perlustrabant,
1252 2711 1317 2778 hoc
1340 2725 1430 2779 erant
1453 2703 1666 2796 commissuri,

607 2829 648 2884 ut
669 2839 690 2882 a
709 2811 863 2922 Polybio,
868 2808 1018 2909 gerendae
1036 2815 1115 2910 reip.
1127 2811 1228 2882 Rom.
1246 2809 1417 2909 penetralia
1430 2816 1547 2885 exteris
1562 2810 1666 2883 reclu·

609 2911 782 2997 derentur,
805 2937 861 2985 aut
878 2912 981 2985 ulcera
996 2917 1207 2986 &cicatrices
1222 2911 1309 2984 velut
1323 2907 1530 2987 nudarentur.
1582 2911 1665 2986 Stul-

608 3022 680 3089 titia
697 3042 779 3115 ergo
792 3013 831 3089 fit
851 3018 892 3087 ab
904 3040 946 3087 eo
960 3041 1074 3088 verurn
1095 3016 1285 3114 expediere,
1308 3041 1408 3117 quern
1427 3018 1665 3092 beneficiolum

607 3143 691 3196 euru
715 3139 924 3218 acceptorum
947 3115 1126 3190 recordatio
1154 3137 1226 3189 tum
1250 3110 1483 3216 sperandorum
1504 3116 1665 3221 exspecta·
1731 3143 1737 3158 ⁸

607 3228 678 3309 tio,
703 3243 774 3295 tuns
787 3249 863 3294 cura
876 3216 981 3293 salutis
996 3218 1076 3307 suae,
1098 3240 1171 3292 tum
1185 3217 1326 3320 denique
1341 3241 1391 3296 tot
1402 3252 1491 3297 acres
1510 3221 1665 3325 appositas

606 3327 752 3425 vigiliae,
782 3320 864 3423 saepe
887 3321 1013 3423 aliquid
1041 3325 1170 3395 auribus
1195 3320 1292 3411 dare,
1317 3321 1399 3428 saepe
1425 3334 1552 3428 gratia,
1582 3324 1666 3427 saepe

607 3435 725 3503 anirno
755 3432 919 3513 memori,
950 3423 1032 3527 saepe
1060 3424 1305 3500 dissimulationi
1336 3423 1431 3530 atque
1458 3434 1666 3503 taciturnitati

608 3549 754 3630 cogeret.
807 3527 1044 3606 Condonernus
1070 3534 1136 3603 hoc
1162 3530 1320 3605 historicae
1346 3519 1424 3619 arti,
1447 3539 1536 3607 cuius
1558 3559 1594 3604 ea
1617 3530 1664 3604 est

607 3654 741 3720 natura,
766 3653 820 3718 ut,
843 3629 910 3704 five
930 3639 965 3704 iu
988 3628 1098 3703 laudes
1119 3627 1220 3707 effirsa
1240 3635 1304 3722 est,
1324 3635 1389 3708 five
1402 3642 1435 3710 in
1450 3631 1665 3736 vituperando

609 3733 718 3811 sedula
735 3743 771 3811 dt
781 3732 896 3835 sagax,
916 3760 1085 3836 nunquam
1096 3733 1194 3837 pollit
1209 3765 1277 3813 non
1291 3735 1458 3840 suspiciosa
1471 3737 1545 3813 elle.

687 3944 798 4013 Venio
817 3937 860 4012 ad
877 3937 1018 4014 editores
1037 3946 1073 4014 dt
1092 3948 1279 4043 interpretes
1292 3942 1438 4037 Polybii,
1460 3944 1574 4046 quibus
1588 3945 1663 4043 quia

608 4046 722 4116 Livius
745 4038 905 4116 accenseri
926 4041 1181 4144 quodammodo
1203 4043 1325 4146 potell,
1350 4043 1459 4121 dicam
1480 4044 1522 4120 de
1543 4072 1615 4131 eo,
1630 4062 1667 4116 ut

609 4152 767 4219 omnium
787 4146 1028 4247 antiquill'nno,
1052 4155 1163 4248 primo
1180 4146 1267 4223 loco.
1304 4153 1398 4222 Livio
1424 4156 1543 4250 igitur,
1568 4147 1666 4242 Poly·¹

610 4252 702 4324 bium
728 4254 861 4334 Latine,
894 4248 984 4349 quod
1011 4246 1093 4351 saepe
1113 4248 1209 4336 facit,
1242 4248 1408 4338 reddenti,
1440 4277 1667 4344 cauepcoecant

609 4351 712 4425 fidem
728 4378 771 4424 ne
786 4349 949 4425 adhibeas.
996 4359 1154 4452 interpres
1168 4354 1224 4426 ille
1238 4381 1354 4455 parurn
1367 4354 1452 4430 lidus
1468 4357 1524 4431 esl.
1573 4359 1668 4460 Sap'e

611 4456 727 4530 labitur
751 4481 832 4529 curn
854 4461 1057 4556 ignoratione
1077 4463 1174 4557 graeci
1196 4453 1370 4547 sermonis,
1399 4478 1470 4535 tum
1488 4460 1668 4534 lubricitate

639 4587 642 4593 ·
1188 4558 1208 4632 d
1235 4584 1257 4651 4
1571 4585 1669 4664 gene·
