4575 5592
585 739 594 756 ·
640 651 706 702 nv
762 693 765 699 .
817 595 1509 702 1s.cnsnvuomr1tn'rn‘rro

635 814 827 890 ssitueretor.
876 815 918 884 Et
933 817 958 885 is
973 830 1040 890 erat
1053 832 1163 888 tamen
1177 814 1349 909 Polybius,
1365 820 1420 917 qui
1438 834 1571 916 propter
1583 799 1685 914 genua

637 916 788 992 diationis
807 943 845 986 ac
866 913 1020 988 doetrinae
1038 922 1278 1018 hautquaquam
1302 918 1513 1007 tratulatitiae3
1540 923 1685 990 maxime

635 1043 745 1095 autem
765 1014 1076 1120 propter-summam
1093 1027 1140 1096 rei
1158 1020 1321 1096 easlrensts
1337 1027 1532 1123 peritiam&
1548 1027 1685 1120 impera·

637 1130 758 1197 torium
777 1120 940 1224 quendam
963 1121 1091 1208 slilum,
1116 1141 1273 1197 attentum
1289 1153 1367 1198 curn
1389 1130 1518 1225 primis,
1544 1129 1578 1197 ἀ
1593 1118 1684 1195 disci·

633 1229 731 1329 plinae
745 1227 914 1310 Tac‘licaeJ
934 1230 1092 1326 totiusque
1113 1227 1235 1304 militiae
1249 1231 1427 1314 Romanae,
1446 1231 1584 1311 Graecae,
1608 1230 1683 1299 Ma·

633 1328 797 1404 cedouicae
812 1333 1012 1429 aliorumque
1031 1331 1230 1429 populorum
1249 1338 1390 1432 peritum
1406 1337 1614 1430 interpretem
1630 1326 1685 1402 de·

633 1433 793 1509 fideraret.
841 1438 988 1534 Qamm
1000 1439 1155 1506 onmium
1169 1458 1277 1508 rerum
1293 1440 1450 1535 cognitio,
1464 1462 1562 1536 quarn
1579 1438 1691 1506 tenuit¹

634 1565 674 1612 ac
694 1563 777 1636 pene
797 1536 887 1609 nulla
911 1541 945 1608 iu
965 1544 1062 1609 artatis
1085 1537 1169 1610 illius
1193 1541 1382 1612 hominibus
1400 1533 1519 1626 suerit;
1557 1540 1684 1637 quantis

633 1638 895 1714 dodislimorum
907 1643 1082 1713 hominum
1100 1641 1262 1715 laboribus
1275 1669 1294 1714 e
1308 1637 1474 1742 profundo
1494 1644 1684 1740 ignorantie

632 1766 732 1847 puteo
746 1739 842 1815 fuerit
856 1740 965 1841 postea
981 1741 1116 1832 educta,
1136 1763 1231 1846 atque
1245 1751 1422 1818 etiamnum
1435 1743 1610 1833 educatur,
1635 1747 1684 1815 ni·

633 1849 680 1924 hil
705 1845 810 1920 dicere
830 1852 958 1935 attinet3
981 1873 1053 1920 rem
1073 1852 1197 1922 nemini
1215 1873 1285 1923 non
1303 1868 1427 1923 notam.
1479 1855 1557 1949 Qo
1577 1851 1685 1945 tnagis

632 1949 782 2054 equidem
806 1945 893 2023 soleo
915 1947 1085 2037 demirari,
1110 1980 1128 2023 a
1151 1971 1218 2026 tant
1238 1951 1341 2052 longo
1359 1973 1528 2050 tempore,
1554 1955 1620 2024 hoc
1636 1947 1684 2021 esl

632 2058 673 2130 ab
698 2058 789 2126 annis
816 2051 885 2125 fere
909 2079 991 2126 eux.
1012 2073 1080 2128 tam
1102 2052 1228 2129 erudito
1255 2048 1369 2128 saeculo
1395 2051 1558 2139 insecuto,
1590 2070 1683 2127 tanto

632 2157 810 2232 donorum
824 2176 890 2229 tota
904 2160 1036 2257 Europa
1052 2164 1196 2232 viroturn
1209 2183 1360 2244 nurnero,
1373 2156 1524 2232 nondum
1539 2156 1682 2258 aliquem

632 2256 788 2345 extitisse,
808 2267 862 2361 qui
877 2287 961 2358 opus
974 2265 1009 2332 in
1024 2257 1093 2362 ipso
1109 2267 1270 2361 principio
1285 2264 1565 2354 παλιγγενεσίας
1576 2260 1682 2333 litera·

585 2445 598 2473 ο
631 2393 706 2440 rum
730 2368 939 2449 inchoatum,
961 2384 1084 2437 curaret
1110 2365 1281 2465 perlicere:
1306 2370 1475 2440 neminem
1494 2358 1556 2438 esse
1574 2387 1679 2464 reper-

631 2490 702 2543 tum
715 2463 757 2539 ad
771 2473 853 2540 hanc
866 2464 973 2553 diem,
995 2473 1069 2567 qui,
1091 2465 1117 2540 li
1133 2466 1217 2541 adeo
1230 2467 1361 2541 celebris
1374 2465 1481 2542 fornae
1491 2464 1579 2568 apud
1594 2484 1680 2538 veto-

631 2600 680 2645 res
695 2572 861 2643 audiorem
875 2567 956 2643 serio
969 2568 1133 2671 perpolirc
1147 2566 1394 2670 aggrederetur,
1417 2599 1524 2672 opera
1538 2574 1681 2670 pretium

629 2672 661 2751 se
678 2671 840 2746 faciurum
860 2691 994 2772 putaret.
1046 2678 1253 2775 Quamquam
1265 2700 1335 2747 non
1345 2669 1418 2748 sanc
1433 2671 1604 2748 defuerunt
1619 2677 1679 2746 viri

629 2775 810 2879 praeliantes
824 2776 969 2879 aliquot,¹
981 2779 1104 2862 Gracci,
1124 2772 1279 2875 Hispani,
1297 2777 1387 2864 ltali,
1410 2778 1532 2877 Belgae,
1553 2781 1680 2880 qui-oa·

627 2887 682 2954 riie
703 2877 810 2952 modis
824 2877 865 2952 de
885 2879 1023 2972 Polybio
1042 2885 1158 2952 mereri
1177 2880 1257 2953 bene
1271 2902 1478 2959 conarentur:
1504 2880 1559 2955 alii
1574 2879 1687 2980 publi·-

629 2981 758 3069 candit,
783 3009 853 3083 quae
872 2988 960 3081 prius
978 2977 1041 3054 visa
1063 3010 1132 3056 non
1156 2978 1301 3081 fuerant5
1325 2983 1378 3056 alii
1400 2985 1555 3058 nonnulla
1575 2985 1679 3084 expli·

628 3085 735 3161 cando
758 3091 887 3174 Latine3
914 3083 1049 3187 quidam
1070 3081 1184 3160 selesla
1199 3092 1306 3188 operis
1322 3093 1419 3161 totiut
1433 3109 1540 3186 parre,
1564 3092 1676 3186 inqua

626 3187 809 3265 illustranda
839 3195 920 3262 vires
952 3194 1073 3288 ingenii
1104 3195 1333 3289 experirentur.
1378 3193 1493 3291 quibut
1523 3191 1678 3266 omnibus

626 3321 728 3396 quum
739 3294 808 3366 laus
821 3293 924 3365 multo
938 3297 1081 3366 maxima
1096 3290 1267 3383 debeatur3
1290 3320 1405 3368 ornnes
1416 3315 1535 3379 tamen,
1548 3292 1677 3398 siquod

626 3423 676 3471 res
697 3395 742 3468 esl
763 3395 868 3468 dicere
891 3396 1062 3482 volumus,
1078 3393 1171 3474 sitim
1193 3398 1354 3472 serstorum
1376 3424 1551 3485 exacuere,
1574 3424 1675 3500 quam

624 3497 735 3574 sedare
755 3499 946 3574 maluerunt.
996 3506 1076 3574 Non
1095 3506 1194 3574 etiam
1220 3497 1370 3588 deluere,
1395 3507 1451 3603 qui
1471 3508 1506 3575 in
1526 3501 1675 3600 vulgares

625 3605 751 3703 linguas
769 3623 896 3676 tanturn
917 3606 1010 3677 huius
1034 3622 1211 3690 verterent,
1234 3626 1390 3707 quantum
1410 3609 1522 3680 Latine
1545 3603 1673 3704 expost-

625 3734 696 3784 tum
711 3708 935 3782 inveniebant:
956 3704 1106 3781 sitameu
1120 3728 1244 3779 vertere
1255 3705 1319 3795 cll,
1339 3711 1497 3781 Romana
1517 3712 1670 3808 interpte·

624 3814 752 3883 tationis
766 3835 888 3882 errores
900 3805 1064 3882 sexcentos
1076 3808 1144 3882 aliis
1158 3808 1296 3884 totidem
1309 3812 1491 3897 cumulare,
1516 3827 1609 3910 atque
1624 3816 1671 3884 in·

625 3920 717 3986 terim
733 3916 851 3985 Graeca:
862 3912 980 4010 linguar
992 3915 1140 4011 peritiam
1158 3917 1192 3986 in
1206 3920 1311 4012 prima
1324 3914 1393 3986 libri
1408 3910 1515 3985 fronte
1528 3918 1669 3988 mentiri.

623 4022 764 4091 Vaticana
778 4021 907 4116 excipio
921 4019 1151 4108 Germanicam
1163 4015 1344 4091 versionem
1359 4019 1400 4089 ab
1418 4021 1553 4090 homine
1568 4016 1667 4115 longe

553 4175 557 4182 -
623 4115 832 4193 eruditissimo
852 4114 1053 4218 professam:
1080 4114 1137 4192 sed
1205 4118 1249 4192 od
1269 4145 1317 4194 ree
1339 4125 1444 4218 arguit
1461 4128 1493 4194 ἀ
1509 4121 1567 4192 alia
1585 4125 1665 4192 eius·

622 4221 700 4297 dem
722 4217 835 4321 scripta
853 4220 1023 4306 teslantur,
1044 4228 1137 4295 variis
1160 4145 1285 4322 strumper
1305 4230 1387 4295 curis
1399 4243 1570 4324 occupato.
1621 4228 1667 4296 At

620 4319 807 4398 universum
827 4349 908 4422 opus
930 4328 1080 4396 Latinum
1100 4321 1225 4408 facere,
1243 4326 1339 4399 laceri
1359 4334 1504 4425 corporis
1518 4330 1667 4398 membra

620 4431 773 4506 maenus
787 4424 917 4532 ditietla
931 4435 965 4502 d(
981 4425 1175 4529 dissipatam
1191 4456 1294 4504 uuum
1311 4429 1482 4532 colligere,
1497 4450 1599 4534 ¹atque
1618 4434 1665 4502 in·

766 4529 772 4540 ’
1004 4530 1027 4586 s
1557 4537 1665 4606 vicem
