4575 5592
601 695 655 744 xri
783 671 836 743 ts.
863 669 1166 742 CASAVBONI
1192 670 1472 745 PRAEFATIO

602 850 797 956 scriptorum
818 849 929 930 sedulo
951 861 1138 958 conquirere
1157 881 1240 930 cura
1261 859 1391 947 habuit3
1425 880 1647 956 magnamque

602 985 716 1033 earum
732 962 863 1063 copiam
879 963 914 1032 in
929 965 1120 1034 Vaticanam
1133 960 1258 1035 inndit:
1277 968 1401 1061 primus
1422 988 1498 1033 cum
1516 957 1648 1033 affiduis

602 1063 797 1150 hortatibus,
821 1083 893 1136 tum
908 1065 1089 1163 ingentibus
1106 1070 1205 1137 etiam
1221 1062 1393 1164 propositis
1410 1068 1581 1164 praemiis,
1604 1061 1646 1134 ad

603 1166 777 1240 meliorem
795 1166 992 1240 literaturam
1011 1194 1030 1240 e
1049 1169 1186 1241 tenebris
1200 1168 1370 1262 oblivionis
1386 1175 1420 1240 in
1432 1168 1540 1244 lucem
1553 1193 1647 1239 revo·

605 1268 769 1358 caudam,
790 1267 939 1345 homines
957 1270 1055 1345 Italos
1069 1267 1265 1344 stimulavit:
1285 1275 1426 1372 primus,
1448 1273 1568 1343 Graecae
1588 1269 1647 1341 lin·

602 1398 677 1475 gua:
692 1376 839 1448 austeres
858 1380 966 1448 omnis
983 1373 1163 1448 smeerioris
1176 1371 1330 1448 dodbrine
1344 1371 1406 1448 esse
1418 1399 1553 1474 promos
1569 1399 1651 1446 con·

604 1475 681 1566 dos,
707 1484 849 1580 quinon
870 1484 1050 1578 ignoraret,
1073 1499 1108 1552 ut
1126 1483 1242 1552 Latino
1263 1474 1411 1552 sermone
1430 1484 1648 1578 exprimeren-

603 1601 674 1667 tur,
693 1579 969 1655 vehemcntiffime
980 1586 1104 1682 optavit
1118 1588 1153 1656 ἀ
1168 1582 1295 1656 efficere
1309 1578 1485 1657 contendit.
1534 1579 1589 1654 Est
1605 1584 1649 1651 ita

602 1707 716 1760 natura
729 1704 972 1786 comparatum,
993 1690 1075 1758 utin
1088 1710 1287 1786 magnorum
1301 1712 1439 1786 operum
1456 1687 1649 1784 inceptioni-

602 1790 815 1874 bus,.eorum
831 1808 1006 1862 antevertat
1021 1813 1108 1875 ctera,
1128 1815 1199 1889 quae
1211 1785 1273 1863 else
1286 1785 1412 1889 provisa
1427 1786 1470 1864 ad
1483 1786 1650 1868 suminam

602 1896 701 1964 totius
714 1889 871 1994 propositi
886 1892 1064 1992 plurimum
1077 1888 1206 1966 interfit.
1257 1889 1472 1993 Ecquodnam
1491 1895 1589 1991 igitur
1610 1889 1650 1963 lu

603 2013 745 2067 terarum
774 2022 895 2095 genus,
920 1989 1154 2068 renascentibus
1180 1989 1372 2096 disciplinis,
1404 1995 1487 2069 illius
1511 1990 1651 2066 vindicis

604 2094 772 2173 musarum
793 2093 959 2199 auspiciis,
975 2103 1083 2199 priano
1102 2095 1212 2171 reduci
1232 2105 1267 2171 in
1286 2104 1387 2172 vitam
1404 2102 1524 2199 coepit?
1549 2094 1650 2170 histo·

603 2208 671 2278 sia:
704 2206 792 2274 cuius
813 2197 905 2274 fuisse
928 2205 1015 2275 hunc
1035 2202 1226 2301 pontificem
1246 2198 1491 2301 pcritiffunum,
1514 2200 1651 2303 equales

603 2305 739 2380 illorum
763 2325 951 2408 temporum
969 2303 1139 2404 affirmant.
1165 2309 1220 2407 q'ui
1238 2310 1338 2406 primi
1358 2309 1505 2381 nudiores
1521 2307 1649 2378 Grano-

603 2436 678 2481 rum
691 2408 844 2483 latinitate
861 2403 932 2504 sunt
946 2406 1078 2482 donati?
1106 2405 1269 2482 historici:
1297 2436 1375 2482 nam
1389 2406 1599 2502 Herodotum
1612 2411 1647 2481 dt

602 2509 843 2605 Thucydidem
856 2510 1000 2584 minister
1017 2507 1210 2591 domesticus
1226 2511 1353 2584 Nicolai
1370 2517 1557 2586 Laurentius
1573 2507 1648 2583 Val-

603 2615 653 2701 la,
681 2642 750 2688 retra
776 2613 893 2690 saecuso
919 2620 1078 2690 maiorem
1108 2609 1217 2702 ausus,
1242 2618 1394 2690 Romane
1412 2616 1447 2689 lo
1470 2620 1503 2687 ui
1528 2609 1650 2690 docuit.

602 2723 658 2791 Au
673 2743 753 2816 ergo
766 2715 971 2802 dubitamus,
991 2713 1158 2818 quoduam
1173 2737 1277 2792 tantus
1289 2715 1438 2819 pontifex
1449 2645 1494 2791 de
1509 2715 1651 2802 historie

604 2822 781 2921 praestantia
801 2818 959 2894 iudicium
978 2816 1112 2892 feccrit?
1136 2845 1201 2920 ego
1226 2847 1302 2894 vero
1322 2848 1391 2894 non
1410 2818 1516 2894 solum
1536 2821 1654 2922 magni

603 2919 710 3023 ipsum
730 2922 912 2999 dodtrinam
932 2921 1116 2998 historicam
1132 2920 1316 3010 assumffe,
1338 2921 1507 2998 sedetiam
1524 2920 1565 2997 de
1579 2939 1651 2997 toto

604 3032 670 3102 hoc
690 3054 807 3128 genere
826 3024 1017 3128 scriptorum
1038 3029 1122 3101 redis
1136 3021 1224 3100 scisse
1241 3026 1398 3109 iudicare,
1419 3053 1488 3101 nou
1502 3026 1650 3126 dubitanq

605 3151 655 3203 ter
669 3128 746 3204 inde
759 3132 899 3230 collig0,
922 3126 1011 3232 quod
1023 3157 1065 3201 ex
1080 3132 1233 3204 omnibus
1248 3134 1368 3204 Graccis
1380 3131 1538 3206 historicis
1553 3129 1650 3204 illum

604 3260 671 3335 pra:
693 3240 805 3308 ceteris
826 3236 937 3307 habuit
957 3239 991 3305 in
1005 3231 1142 3317 delitiis,
1160 3238 1265 3335 quint
1280 3234 1469 3337 eloquentia
1482 3232 1577 3308 laude
1591 3237 1650 3307 uni

606 3360 661 3412 aut
683 3337 771 3410 altcri
797 3344 942 3436 priorum
962 3331 1091 3410 fortasse
1112 3335 1158 3408 est
1178 3333 1330 3431 inferior3
1359 3344 1404 3412 ita
1426 3337 1649 3437 prudentia&

604 3446 744 3542 propriis
763 3440 830 3513 aliis
850 3439 987 3514 hissotiae
1010 3440 1164 3513 omnibus
1186 3446 1328 3514 numeris
1340 3440 1491 3542 perfeetae
1508 3440 1650 3530 dotibus,

604 3543 650 3628 fic
671 3544 818 3629 excellit,
841 3565 875 3615 ut
895 3547 989 3643 pauci
1008 3569 1026 3613 e
1045 3545 1187 3629 cunetis,
1205 3539 1270 3617 five
1287 3547 1424 3630 Gracis,
1444 3541 1509 3616 sive
1525 3541 1649 3617 Romass

606 3656 673 3736 nis,
700 3676 775 3721 cum
797 3643 864 3747 ipso
878 3667 1059 3718 mereantur
1073 3652 1250 3746 componi,
1268 3653 1420 3747 anteponi
1436 3667 1520 3719 certe
1531 3647 1649 3720 nullus.

606 3759 752 3852 scriptor
768 3751 819 3823 ilie
833 3756 860 3822 is
874 3746 939 3848 ipse
953 3748 997 3821 ess
1014 3775 1212 3836 eorumve,
1236 3757 1271 3824 ἀ
1287 3780 1306 3822 a
1325 3754 1451 3850 generis
1465 3745 1649 3848 splendore,

604 3867 639 3937 ὅ(
653 3860 694 3930 ab
707 3853 862 3927 iustrudiu
876 3847 1125 3952 disciplinarum,
1137 3859 1197 3926 &a
1211 3855 1304 3926 rebus
1340 3852 1421 3939 estis,
1433 3860 1466 3926 dt
1477 3854 1517 3925 ab
1527 3857 1649 3951 ingenii

606 3964 839 4042 monumentis,
860 3961 911 4028 vir
923 3962 957 4029 dc
971 3951 1099 4055 philoso
1124 3961 1183 4029 hus
1198 3879 1423 4042 nobilissimus,
1444 3953 1534 4031 idem
1549 3962 1648 4056 pacis,

606 4065 697 4140 idcm
710 4063 784 4137 bclli
796 4057 924 4152 artibus,
936 4058 1026 4131 idern
1038 3983 1219 4133 {indorum
1232 4055 1325 4132 laude
1336 4059 1649 4157 longeclariffimus3

605 4174 714 4274 patriar
728 4163 806 4251 suar,
827 4162 962 4266 reipubl.
977 4163 1193 4247 Achaeotum,
1216 4159 1382 4264 quondam
1395 4165 1488 4236 bonis
1502 4161 1648 4236 institutis

604 4267 854 4352 florentissimae,
875 4271 928 4337 cui
948 4271 1043 4342 huius
1059 4285 1150 4364 pater
1169 4268 1324 4359 Lycortas
1339 4265 1395 4340 diu
1409 4272 1557 4367 princeps
1571 4293 1650 4365 prae·

605 4374 687 4462 suit,
711 4399 782 4474 pars
803 4375 963 4443 maxima:
984 4375 1040 4470 qui
1063 4371 1204 4467 Scipioni
1227 4364 1400 4455 dfricano,
1425 4397 1530 4470 aquo
1547 4366 1650 4441 deleta

608 4478 655 4558 est
668 4480 850 4581 Cerduago,
874 4469 1044 4550 aconsthis
1058 4475 1181 4546 auricus
1194 4469 1273 4562 suit,
1295 4479 1329 4549 ὁ(
1343 4478 1378 4547 in
1393 4499 1430 4545 ea
1442 4469 1653 4577 expeditione

1524 4599 1655 4650 comes:
