4575 5592
693 645 931 726 tusvrmt
946 638 1509 720 tuluutt‘uurrtottrtt.
1547 661 1623 717 ter-v

588 831 636 906 T.
654 834 784 917 Livius,
801 831 902 904 lailea
919 829 1057 932 quadam
1076 831 1220 924 ubertate¹
1240 807 1390 903 di'tttom
1407 826 1557 914 diuinitua
1578 825 1627 902 fa·

586 931 730 1024 cundum
760 961 870 1008 amans
887 938 1061 1019 virtutum,
1087 929 1351 1020 oloruitiorum,
1382 931 1628 1020 nursinum,

584 1066 694 1112 rerum
712 1060 816 1137 togae,
836 1064 946 1110 rerum
967 1033 1052 1136 sagi,
1069 1034 1208 1113 etlinun
1221 1064 1262 1110 ex
1275 1034 1333 1110 usu
1348 1063 1451 1137 neque
1464 1042 1628 1137 experien-

585 1148 647 1226 tia,
666 1147 799 1242 egregie
811 1161 920 1214 tannen
934 1146 1070 1240 peritus:
1094 1138 1255 1241 denique,
1273 1137 1389 1242 liquid
1411 1137 1540 1228 iudico,
1564 1145 1630 1213 huc

584 1239 689 1318 solum
707 1250 877 1344 ingenium
899 1243 957 1332 (de
976 1242 1132 1316 historicis
1150 1243 1282 1345 loquor)
1302 1244 1443 1344 populus
1461 1247 1630 1316 Romanur

609 1376 643 1420 ar
657 1352 798 1448 irnperio
810 1343 869 1420 suo
882 1347 1001 1453 habuit.
1026 1368 1170 1422 retemm
1185 1367 1288 1420 tantur
1302 1354 1336 1420 δι
1349 1366 1415 1418 tam
1430 1345 1629 1420 admirabilis

584 1377 739 1551 lctiptor‚
759 1471 793 1532 ut
810 1451 992 1552 eloquentia
1016 1450 1192 1544 Polybium
1218 1447 1312 1524 facile
1332 1455 1448 1534 vincit,
1472 1448 1560 1551 quod
1580 1456 1629 1522 in·
1709 1467 1713 1478 “

558 1549 562 1554 ’
585 1581 694 1656 grune
708 1549 832 1628 fateor:
857 1560 899 1627 ita
917 1554 987 1642 aliis¹
1007 1551 1164 1627 dotibusa
1182 1554 1319 1647 Polybio
1336 1580 1404 1632 non
1417 1548 1549 1626 obscure
1563 1559 1631 1626 vin·

586 1664 680 1738 eitur.
704 1684 784 1730 naut
798 1679 835 1730 ut
847 1654 887 1730 de
894 1656 982 1730 libro
995 1650 1084 1730 sexto
1097 1657 1178 1730 nihil
1194 1655 1321 1745 dicam,
1340 1666 1374 1732 ὅ(
1395 1654 1428 1730 id
1446 1683 1547 1756 genua
1562 1656 1631 1729 aliie

587 1760 719 1854 Polybii
741 1757 1003 1860 digreffionibur‚
1030 1767 1065 1832 ἀ
1083 1765 1203 1844 raetica
1222 1768 1416 1861 imperitiam
1435 1761 1479 1832 cll
1501 1762 1555 1833 ubi
1575 1757 1632 1832 de·

588 1859 785 1968 prebendae,
805 1861 894 1964 quod
907 1861 1013 1938 nossri
1029 1869 1252 1938 commentarii
1266 1866 1438 1958 Polybiani
1448 1861 1578 1949 dicent,
1596 1867 1633 1936 &

588 1975 624 2044 iu
636 1965 751 2041 canffis
769 1993 879 2042 rerum
890 1965 1100 2067 effignandir,
1120 1997 1141 2040 a
1156 1966 1279 2040 slncero
1291 1968 1388 2042 nollti
1406 1965 1546 2053 iudicio,
1567 1993 1634 2066 prae

588 2077 690 2148 nimia
705 2065 924 2170 superstitione
941 2096 1011 2144 non
1024 2097 1097 2144 raro
1113 2068 1312 2159 deflectens,
1327 2072 1428 2144 aniles
1441 2069 1573 2169 'ineptias
1586 2065 1635 2142 so·

591 2172 663 2250 lidie
694 2173 886 2260 rationibus,
911 2180 946 2250 &
973 2179 1065 2248 certis
1090 2173 1172 2248 illius
1200 2173 1522 2248 demonstrationibus
1549 2193 1636 2245 ante·

592 2282 708 2378 ponit..
726 2276 781 2352 illn
794 2303 923 2379 quoque
941 2297 1010 2350 tam
1027 2273 1177 2378 frequens
1191 2284 1226 2351 ἀ
1238 2299 1304 2350 tam
1317 2299 1462 2352 accurata
1472 2295 1635 2375 portento·

592 2408 666 2460 rum
686 2385 908 2464 enumeratio,
932 2408 1042 2456 annon
1060 2377 1202 2458 eundem
1221 2386 1308 2455 hunc
1326 2388 1426 2454 animi
1449 2380 1530 2453 illius
1548 2403 1635 2452 mor·

593 2488 674 2558 bum
691 2483 807 2585 pelam
820 2479 921 2558 faciti
941 2503 976 2558 ut
989 2511 1058 2558 uon
1069 2487 1263 2558 abhorrente
1278 2492 1345 2558 veri
1359 2482 1443 2572 tide,
1465 2480 1553 2583 quod
1568 2507 1635 2554 me·

594 2593 707 2661 moriz
725 2582 892 2687 proditum
913 2585 958 2659 est
982 2587 1209 2677 anonuullir,
1238 2592 1443 2687 Gregorium'
1458 2591 1636 2685 Magnum,

594 2689 790 2792 pontificem
814 2690 977 2790 religionis
1006 2690 1181 2764 cbrillianae
1210 2692 1424 2792 propagandae
1457 2687 1639 2764 lludiossfft·

593 2821 712 2882 mum,
733 2799 796 2870 hec
812 2800 889 2866 tanti
910 2787 1220 2893 scriptum-ridicula
1235 2791 1452 2895 superstitione
1465 2789 1639 2879 offensum,

596 2924 638 2972 ex
667 2897 835 3006 omnibus⁸
848 2897 1049 2971 bibliothecis
1070 2904 1137 2972 eius
1162 2897 1304 2972 historiar
1326 2894 1445 2972 curall'e
1471 2894 1639 2974 tollendas.

596 3003 723 3076 lulium
737 2996 1133 3074 Caesrremhilluricorum
1149 3008 1299 3076 omnium
1312 3008 1346 3073 in
1365 2999 1422 3075 suo
1441 3026 1558 3100 genere
1576 3005 1639 3098 pri·

599 3133 697 3179 mum
714 3108 974 3189 &maximum
992 3124 1124 3204 propter
1144 3103 1275 3178 instituti
1288 3104 1501 3178 diverfitatem
1515 3123 1640 3203 prater·

598 3217 708 3288 mitto.
759 3212 853 3296 Vnus
873 3203 978 3280 adbuc
997 3207 1090 3292 rellat
1110 3211 1338 3282 Romanorum
1359 3209 1527 3280 Cornelius
1540 3207 1641 3278 Taci-

596 3332 669 3399 tur,
688 3338 786 3414 quem
797 3315 835 3386 iu
847 3315 907 3384 hac
921 3321 1127 3386 contentione
1142 3313 1306 3410 piaculum
1319 3310 1358 3384 iit
1373 3307 1522 3386 omilille.
1556 3338 1559 3344 ·
1574 3314 1642 3383 Hie

599 3419 774 3515 magni&
796 3418 944 3494 acerr'nni
964 3421 1015 3486 vir
1038 3421 1180 3512 ingenii,
1203 3443 1296 3489 novae
1315 3410 1500 3502 cuiusdam,
1525 3418 1648 3512 gravis,¹

600 3511 789 3606 concisa&
800 3511 992 3691 sententiopae
1006 3518 1194 3618 eloquentiae
1211 3546 1327 3618 genere
1336 3517 1457 3592 eximie
1473 3516 1642 3618 praeditum

601 3619 629 3696 fi
649 3619 819 3696 afortunr
831 3625 902 3698 uuu
925 3647 942 3692 e
968 3641 999 3692 et
1019 3617 1200 3707 destitutus,
1220 3651 1290 3723 quae
1304 3620 1437 3722 dignam
1453 3629 1482 3694 ei
1497 3641 1581 3693 tanta
1597 3615 1644 3691 fa·

603 3726 722 3800 cultate
741 3725 1074 3821 ntateriarrrnegavit,
1097 3731 1241 3825 quemvis
1261 3753 1281 3797 e
1300 3728 1496 3826 principibus
1522 3728 1645 3804 Roma·

603 3823 955 3924 norum,.llreuetiem
972 3829 1168 3902 Graecorum
1190 3828 1412 3901 hilloricomm
1439 3826 1563 3900 videtur
1586 3835 1645 3925 po·

604 3926 697 4006 tuille
719 3957 905 4032 prorutum.
954 3933 1053 4003 Nunc
1073 3957 1175 4031 quum
1189 3931 1346 4004 eiutmo'di
1361 3953 1506 4033 tempora
1525 3928 1648 4004 cunllet

605 4035 721 4120 abeo,
740 4027 913 4134 praescrtim
925 4033 1155 4122 intanualibur,
1172 4033 1234 4109 ell'e
1248 4031 1415 4136 descripta,
1437 4037 1548 4138 quibus
1562 4032 1649 4108 nulla

605 4165 764 4240 umquam
784 4131 913 4210 luerunt
932 4137 1117 4235 turpiisrmir
1129 4146 1212 4212 vitiis
1228 4136 1384 4224 loediora,
1405 4165 1506 4239 neque
1519 4156 1574 4212 aut
1587 4129 1649 4207 vir-

606 4263 712 4316 tutum
736 4238 907 4326 sseriliorm
929 4261 985 4312 aut
1008 4246 1172 4317 virtutibus
1193 4247 1395 4330 inimiciora3
1427 4269 1502 4314 cum
1522 4239 1649 4332 Polybii

606 4345 739 4420 bissoria
761 4345 871 4415 Taciti
894 4342 1017 4416 libellos
1039 4347 1122 4420 velle
1144 4373 1351 4446 comparare,
1377 4349 1442 4417 hoc
1459 4371 1537 4417 vero
1554 4338 1650 4416 su'erit

605 4473 675 4526 uon
695 4449 858 4520 Tacitum
870 4443 1034 4534 lutam,-
1050 4445 1104 4528 sed
1126 4448 1312 4552 inllguitam
1331 4443 1421 4526 suam
1439 4454 1652 4530 temeritatem

1576 4572 1651 4656 pro·
