<?xml version="1.0" encoding="UTF-8"?>
<!DOCTYPE html PUBLIC "-//W3C//DTD XHTML 1.0 Transitional//EN"
    "http://www.w3.org/TR/xhtml1/DTD/xhtml1-transitional.dtd">
<html xmlns="http://www.w3.org/1999/xhtml" xml:lang="en" lang="en">
 <head>
  <title>
</title>
<meta http-equiv="Content-Type" content="text/html;charset=utf-8" />
  <meta name='ocr-system' content='tesseract 3.04.00' />
  <meta name='ocr-capabilities' content='ocr_page ocr_carea ocr_par ocr_line ocrx_word'/>
</head>
<body>
  <div class='ocr_page' id='page_1' title='image "./polybiimegalopo03polygoog_0042.png"; bbox 0 0 4575 5592; ppageno 0'>
   <div class='ocr_carea' id='block_1_1' title="bbox 686 631 1651 768">
    <p class='ocr_par' dir='ltr' id='par_1_1' title="bbox 686 631 1651 768">
     <span class='ocr_line' id='line_1_1' title="bbox 686 631 1651 768; baseline -0.001 -15"><span class='ocrx_word' id='word_1_1' title='bbox 686 675 927 768; x_wconf 75' lang='lat' dir='ltr'>sto-suan</span> <span class='ocrx_word' id='word_1_2' title='bbox 951 674 1162 752; x_wconf 76' lang='lat' dir='ltr'>sorren</span> <span class='ocrx_word' id='word_1_3' title='bbox 1185 643 1517 748; x_wconf 73' lang='lat' dir='ltr'>nor‘r&#39;roneu.</span> <span class='ocrx_word' id='word_1_4' title='bbox 1542 631 1651 752; x_wconf 62' lang='lat' dir='ltr'>niu</span> 
     </span>
    </p>
   </div>
   <div class='ocr_carea' id='block_1_2' title="bbox 608 815 1713 964">
    <p class='ocr_par' dir='ltr' id='par_1_2' title="bbox 608 815 1713 964">
     <span class='ocr_line' id='line_1_2' title="bbox 608 815 1713 964; baseline -0.006 -24"><span class='ocrx_word' id='word_1_5' title='bbox 608 890 701 951; x_wconf 77' lang='lat' dir='ltr'>mus,</span> <span class='ocrx_word' id='word_1_6' title='bbox 721 858 813 964; x_wconf 88' lang='lat' dir='ltr'>quod</span> <span class='ocrx_word' id='word_1_7' title='bbox 823 857 1011 959; x_wconf 82' lang='lat' dir='ltr'>Agathoclis</span> <span class='ocrx_word' id='word_1_8' title='bbox 1030 879 1246 954; x_wconf 85' lang='lat' dir='ltr'>tyrannorum</span> <span class='ocrx_word' id='word_1_9' title='bbox 1257 865 1427 946; x_wconf 88' lang='lat' dir='ltr'>omnium,</span> <span class='ocrx_word' id='word_1_10' title='bbox 1450 886 1532 960; x_wconf 88' lang='lat' dir='ltr'>quos</span> <span class='ocrx_word' id='word_1_11' title='bbox 1546 862 1653 935; x_wconf 84' lang='lat' dir='ltr'>Sicilia</span> <span class='ocrx_word' id='word_1_12' title='bbox 1708 815 1713 838; x_wconf 43' lang='lat' dir='ltr'>l</span> 
     </span>
    </p>
   </div>
   <div class='ocr_carea' id='block_1_3' title="bbox 607 961 1775 1062">
    <p class='ocr_par' dir='ltr' id='par_1_3' title="bbox 607 961 1775 1062">
     <span class='ocr_line' id='line_1_3' title="bbox 607 961 1775 1062; baseline -0.003 -20"><span class='ocrx_word' id='word_1_13' title='bbox 607 967 701 1054; x_wconf 88' lang='lat' dir='ltr'>tulit,</span> <span class='ocrx_word' id='word_1_14' title='bbox 729 961 966 1052; x_wconf 82' lang='lat' dir='ltr'>bumanilsnni,</span> <span class='ocrx_word' id='word_1_15' title='bbox 995 961 1087 1038; x_wconf 89' lang='lat' dir='ltr'>dotes</span> <span class='ocrx_word' id='word_1_16' title='bbox 1104 968 1226 1062; x_wconf 88' lang='lat' dir='ltr'>ingenii</span> <span class='ocrx_word' id='word_1_17' title='bbox 1245 969 1280 1039; x_wconf 78' lang='lat' dir='ltr'>dt</span> <span class='ocrx_word' id='word_1_18' title='bbox 1301 962 1387 1038; x_wconf 72' lang='lat' dir='ltr'>satta</span> <span class='ocrx_word' id='word_1_19' title='bbox 1405 961 1575 1038; x_wconf 80' lang='lat' dir='ltr'>laudabilia</span> <span class='ocrx_word' id='word_1_20' title='bbox 1599 964 1654 1039; x_wconf 88' lang='lat' dir='ltr'>vel</span> <span class='ocrx_word' id='word_1_21' title='bbox 1772 1030 1775 1039; x_wconf 82' lang='grc'>,</span> 
     </span>
    </p>
   </div>
   <div class='ocr_carea' id='block_1_4' title="bbox 539 1063 1701 2941">
    <p class='ocr_par' dir='ltr' id='par_1_4' title="bbox 539 1063 1701 2941">
     <span class='ocr_line' id='line_1_4' title="bbox 609 1063 1654 1160; baseline -0.003 -16"><span class='ocrx_word' id='word_1_22' title='bbox 609 1063 926 1152; x_wconf 78' lang='lat' dir='ltr'>diffimulaffn‚.vel</span> <span class='ocrx_word' id='word_1_23' title='bbox 948 1074 983 1140; x_wconf 89' lang='lat' dir='ltr'>in</span> <span class='ocrx_word' id='word_1_24' title='bbox 1003 1063 1199 1140; x_wconf 83' lang='lat' dir='ltr'>contrarium</span> <span class='ocrx_word' id='word_1_25' title='bbox 1219 1063 1411 1152; x_wconf 79' lang='lat' dir='ltr'>detorsrffet,</span> <span class='ocrx_word' id='word_1_26' title='bbox 1436 1094 1487 1139; x_wconf 90' lang='lat' dir='ltr'>an·</span> <span class='ocrx_word' id='word_1_27' title='bbox 1503 1066 1654 1160; x_wconf 83' lang='lat' dir='ltr'>Polybius</span> 
     </span>
     <span class='ocr_line' id='line_1_5' title="bbox 597 1168 1657 1270; baseline -0.001 -24"><span class='ocrx_word' id='word_1_28' title='bbox 597 1181 659 1246; x_wconf 82' lang='lat' dir='ltr'>¹nir</span> <span class='ocrx_word' id='word_1_29' title='bbox 687 1175 911 1269; x_wconf 86' lang='lat' dir='ltr'>integerrimus</span> <span class='ocrx_word' id='word_1_30' title='bbox 942 1168 1148 1262; x_wconf 83' lang='lat' dir='ltr'>tyrannidem</span> <span class='ocrx_word' id='word_1_31' title='bbox 1174 1169 1361 1269; x_wconf 79' lang='lat' dir='ltr'>Agathoclis</span> <span class='ocrx_word' id='word_1_32' title='bbox 1385 1169 1568 1270; x_wconf 79' lang='lat' dir='ltr'>probabat?</span> <span class='ocrx_word' id='word_1_33' title='bbox 1583 1217 1585 1222; x_wconf 93' lang='lat'>-</span> <span class='ocrx_word' id='word_1_34' title='bbox 1599 1171 1657 1263; x_wconf 80' lang='lat' dir='ltr'>ille</span> 
     </span>
     <span class='ocr_line' id='line_1_6' title="bbox 608 1271 1654 1373; baseline -0.002 -25"><span class='ocrx_word' id='word_1_35' title='bbox 608 1295 784 1348; x_wconf 83' lang='lat' dir='ltr'>uero&#39;non</span> <span class='ocrx_word' id='word_1_36' title='bbox 808 1280 912 1373; x_wconf 85' lang='lat' dir='ltr'>magis</span> <span class='ocrx_word' id='word_1_37' title='bbox 938 1277 1026 1346; x_wconf 88' lang='lat' dir='ltr'>bunc</span> <span class='ocrx_word' id='word_1_38' title='bbox 1048 1273 1225 1373; x_wconf 86' lang='lat' dir='ltr'>probabat,</span> <span class='ocrx_word' id='word_1_39' title='bbox 1272 1301 1348 1346; x_wconf 89' lang='lat' dir='ltr'>uam</span> <span class='ocrx_word' id='word_1_40' title='bbox 1370 1279 1508 1345; x_wconf 82' lang='lat' dir='ltr'>Aratum</span> <span class='ocrx_word' id='word_1_41' title='bbox 1529 1271 1654 1352; x_wconf 81' lang='lat' dir='ltr'>oderat.</span> 
     </span>
     <span class='ocr_line' id='line_1_7' title="bbox 609 1301 1656 1475; baseline 0 -23"><span class='ocrx_word' id='word_1_42' title='bbox 609 1376 676 1452; x_wconf 84' lang='lat' dir='ltr'>Sed</span> <span class='ocrx_word' id='word_1_43' title='bbox 697 1374 786 1452; x_wconf 84' lang='lat' dir='ltr'>aliud</span> <span class='ocrx_word' id='word_1_44' title='bbox 803 1376 849 1450; x_wconf 87' lang='lat' dir='ltr'>ell</span> <span class='ocrx_word' id='word_1_45' title='bbox 869 1372 1072 1470; x_wconf 79' lang='lat' dir='ltr'>tyrannidem</span> <span class='ocrx_word' id='word_1_46' title='bbox 1093 1301 1344 1461; x_wconf 81' lang='lat' dir='ltr'>commendare,</span> <span class='ocrx_word' id='word_1_47' title='bbox 1367 1373 1452 1448; x_wconf 88' lang='lat' dir='ltr'>aliud</span> <span class='ocrx_word' id='word_1_48' title='bbox 1466 1382 1595 1475; x_wconf 84' lang='lat' dir='ltr'>egregie</span> <span class='ocrx_word' id='word_1_49' title='bbox 1607 1371 1656 1452; x_wconf 78' lang='lat' dir='ltr'>fa·</span> 
     </span>
     <span class='ocr_line' id='line_1_8' title="bbox 610 1474 1657 1579; baseline -0.002 -25"><span class='ocrx_word' id='word_1_50' title='bbox 610 1483 743 1554; x_wconf 65' lang='lat' dir='ltr'>domm</span> <span class='ocrx_word' id='word_1_51' title='bbox 754 1480 923 1579; x_wconf 83' lang='lat' dir='ltr'>exempla,</span> <span class='ocrx_word' id='word_1_52' title='bbox 941 1503 1166 1579; x_wconf 85' lang='lat' dir='ltr'>aqoocunque</span> <span class='ocrx_word' id='word_1_53' title='bbox 1179 1476 1312 1552; x_wconf 89' lang='lat' dir='ltr'>tandem</span> <span class='ocrx_word' id='word_1_54' title='bbox 1325 1474 1482 1578; x_wconf 73' lang='lat' dir='ltr'>presedit,</span> <span class='ocrx_word' id='word_1_55' title='bbox 1494 1476 1559 1552; x_wconf 84' lang='lat' dir='ltr'>llve</span> <span class='ocrx_word' id='word_1_56' title='bbox 1576 1485 1657 1568; x_wconf 80' lang='lat' dir='ltr'>arni·</span> 
     </span>
     <span class='ocr_line' id='line_1_9' title="bbox 609 1579 1658 1682; baseline -0.001 -24"><span class='ocrx_word' id='word_1_57' title='bbox 609 1610 667 1670; x_wconf 86' lang='lat' dir='ltr'>co,</span> <span class='ocrx_word' id='word_1_58' title='bbox 691 1579 757 1656; x_wconf 83' lang='lat' dir='ltr'>five</span> <span class='ocrx_word' id='word_1_59' title='bbox 768 1582 876 1668; x_wconf 80' lang='lat' dir='ltr'>holle,</span> <span class='ocrx_word' id='word_1_60' title='bbox 900 1601 954 1654; x_wconf 92' lang='lat' dir='ltr'>aut</span> <span class='ocrx_word' id='word_1_61' title='bbox 969 1581 1180 1658; x_wconf 84' lang='lat' dir='ltr'>excellentem</span> <span class='ocrx_word' id='word_1_62' title='bbox 1195 1587 1315 1681; x_wconf 88' lang='lat' dir='ltr'>ingenii</span> <span class='ocrx_word' id='word_1_63' title='bbox 1332 1579 1563 1682; x_wconf 84' lang='lat' dir='ltr'>praellantiam,</span> <span class='ocrx_word' id='word_1_64' title='bbox 1587 1608 1658 1658; x_wconf 88' lang='lat' dir='ltr'>non</span> 
     </span>
     <span class='ocr_line' id='line_1_10' title="bbox 610 1678 1659 1786; baseline -0.002 -24"><span class='ocrx_word' id='word_1_65' title='bbox 610 1685 715 1762; x_wconf 77' lang='lat' dir='ltr'>linere</span> <span class='ocrx_word' id='word_1_66' title='bbox 727 1683 893 1760; x_wconf 74' lang='lat' dir='ltr'>indid’tam.</span> <span class='ocrx_word' id='word_1_67' title='bbox 925 1678 1068 1758; x_wconf 81' lang='lat' dir='ltr'>cauffam</span> <span class='ocrx_word' id='word_1_68' title='bbox 1081 1680 1173 1756; x_wconf 87' lang='lat' dir='ltr'>affert</span> <span class='ocrx_word' id='word_1_69' title='bbox 1185 1685 1356 1778; x_wconf 81' lang='lat' dir='ltr'>Polybius,</span> <span class='ocrx_word' id='word_1_70' title='bbox 1378 1688 1453 1786; x_wconf 80' lang='lat' dir='ltr'>qttia</span> <span class='ocrx_word' id='word_1_71' title='bbox 1466 1680 1574 1758; x_wconf 84' lang='lat' dir='ltr'>fallere</span> <span class='ocrx_word' id='word_1_72' title='bbox 1588 1711 1659 1760; x_wconf 85' lang='lat' dir='ltr'>non</span> 
     </span>
     <span class='ocr_line' id='line_1_11' title="bbox 611 1782 1661 1890; baseline -0.005 -26"><span class='ocrx_word' id='word_1_73' title='bbox 611 1793 723 1864; x_wconf 82' lang='lat' dir='ltr'>minus</span> <span class='ocrx_word' id='word_1_74' title='bbox 740 1786 888 1874; x_wconf 87' lang='lat' dir='ltr'>videtur,</span> <span class='ocrx_word' id='word_1_75' title='bbox 910 1792 966 1889; x_wconf 89' lang='lat' dir='ltr'>qui</span> <span class='ocrx_word' id='word_1_76' title='bbox 985 1785 1072 1886; x_wconf 83' lang='lat' dir='ltr'>gella</span> <span class='ocrx_word' id='word_1_77' title='bbox 1094 1794 1232 1886; x_wconf 72' lang='lat' dir='ltr'>preterit</span> <span class='ocrx_word' id='word_1_78' title='bbox 1252 1782 1369 1871; x_wconf 82' lang='lat' dir='ltr'>sciens,</span> <span class='ocrx_word' id='word_1_79' title='bbox 1394 1814 1493 1887; x_wconf 85' lang='lat' dir='ltr'>quam</span> <span class='ocrx_word' id='word_1_80' title='bbox 1509 1788 1580 1874; x_wconf 91' lang='lat' dir='ltr'>ille,</span> <span class='ocrx_word' id='word_1_81' title='bbox 1602 1793 1661 1890; x_wconf 82' lang='lat' dir='ltr'>qui</span> 
     </span>
     <span class='ocr_line' id='line_1_12' title="bbox 611 1887 1663 2070; baseline 0 0"><span class='ocrx_word' id='word_1_82' title='bbox 611 1887 1663 2070; x_wconf 51' lang='lat' dir='ltr'>lllllffllflliltf&#39;llllllllllllllllss</span> 
     </span>
     <span class='ocr_line' id='line_1_13' title="bbox 614 2045 1661 2198; baseline 0.002 -26"><span class='ocrx_word' id='word_1_83' title='bbox 614 2105 729 2183; x_wconf 88' lang='lat' dir='ltr'>tiones,</span> <span class='ocrx_word' id='word_1_84' title='bbox 751 2101 868 2198; x_wconf 85' lang='lat' dir='ltr'>iurgia,</span> <span class='ocrx_word' id='word_1_85' title='bbox 891 2045 1063 2195; x_wconf 81' lang='lat' dir='ltr'>perfidialn</span> <span class='ocrx_word' id='word_1_86' title='bbox 1078 2095 1270 2182; x_wconf 77' lang='lat' dir='ltr'>multorum,</span> <span class='ocrx_word' id='word_1_87' title='bbox 1291 2096 1421 2177; x_wconf 77' lang='lat' dir='ltr'>&amp;alios</span> <span class='ocrx_word' id='word_1_88' title='bbox 1436 2093 1661 2174; x_wconf 77' lang='lat' dir='ltr'>defoedosnoe·</span> 
     </span>
     <span class='ocr_line' id='line_1_14' title="bbox 614 2192 1662 2299; baseline -0.001 -24"><span class='ocrx_word' id='word_1_89' title='bbox 614 2227 675 2275; x_wconf 81' lang='lat' dir='ltr'>vos</span> <span class='ocrx_word' id='word_1_90' title='bbox 699 2220 898 2284; x_wconf 84' lang='lat' dir='ltr'>narraturus,</span> <span class='ocrx_word' id='word_1_91' title='bbox 922 2192 1122 2278; x_wconf 71' lang='grc' dir='ltr'>ἕθελοκαίκε</span> <span class='ocrx_word' id='word_1_92' title='bbox 1135 2202 1376 2298; x_wconf 65' lang='grc' dir='ltr'>,προαιρέσεως</span> <span class='ocrx_word' id='word_1_93' title='bbox 1398 2204 1589 2299; x_wconf 83' lang='lat' dir='ltr'>opinionem</span> <span class='ocrx_word' id='word_1_94' title='bbox 1607 2197 1662 2274; x_wconf 87' lang='lat' dir='ltr'>de·</span> 
     </span>
     <span class='ocr_line' id='line_1_15' title="bbox 614 2291 1664 2405; baseline 0.001 -28"><span class='ocrx_word' id='word_1_95' title='bbox 614 2305 780 2405; x_wconf 69' lang='lat' dir='ltr'>p&#39;reoaturs</span> <span class='ocrx_word' id='word_1_96' title='bbox 805 2329 874 2386; x_wconf 83' lang='lat' dir='ltr'>non</span> <span class='ocrx_word' id='word_1_97' title='bbox 894 2307 982 2374; x_wconf 86' lang='lat' dir='ltr'>enim</span> <span class='ocrx_word' id='word_1_98' title='bbox 1003 2299 1058 2382; x_wconf 86' lang='lat' dir='ltr'>illa</span> <span class='ocrx_word' id='word_1_99' title='bbox 1078 2295 1110 2374; x_wconf 91' lang='lat' dir='ltr'>se</span> <span class='ocrx_word' id='word_1_100' title='bbox 1123 2297 1277 2387; x_wconf 77' lang='lat' dir='ltr'>scribere,</span> <span class='ocrx_word' id='word_1_101' title='bbox 1301 2291 1393 2403; x_wconf 89' lang='lat' dir='ltr'>quod</span> <span class='ocrx_word' id='word_1_102' title='bbox 1405 2304 1606 2401; x_wconf 87' lang='lat' dir='ltr'>voluptatem</span> <span class='ocrx_word' id='word_1_103' title='bbox 1620 2329 1664 2378; x_wconf 81' lang='lat' dir='ltr'>ex</span> 
     </span>
     <span class='ocr_line' id='line_1_16' title="bbox 616 2400 1666 2507; baseline 0 -26"><span class='ocrx_word' id='word_1_104' title='bbox 616 2406 731 2481; x_wconf 85' lang='lat' dir='ltr'>talibus</span> <span class='ocrx_word' id='word_1_105' title='bbox 742 2424 891 2505; x_wconf 59' lang='lat' dir='ltr'>captet,</span> <span class='ocrx_word' id='word_1_106' title='bbox 907 2400 971 2500; x_wconf 68' lang='lat' dir='ltr'>¹sed</span> <span class='ocrx_word' id='word_1_107' title='bbox 983 2402 1147 2478; x_wconf 86' lang='lat' dir='ltr'>volentem</span> <span class='ocrx_word' id='word_1_108' title='bbox 1158 2406 1346 2490; x_wconf 88' lang='lat' dir='ltr'>nolentem,</span> <span class='ocrx_word' id='word_1_109' title='bbox 1369 2410 1523 2507; x_wconf 81' lang='lat' dir='ltr'>quoniam</span> <span class='ocrx_word' id='word_1_110' title='bbox 1545 2402 1666 2482; x_wconf 77' lang='lat' dir='ltr'>insedit</span> 
     </span>
     <span class='ocr_line' id='line_1_17' title="bbox 616 2500 1666 2610; baseline -0.001 -26"><span class='ocrx_word' id='word_1_111' title='bbox 616 2507 772 2595; x_wconf 80' lang='lat' dir='ltr'>reddere,</span> <span class='ocrx_word' id='word_1_112' title='bbox 795 2521 866 2609; x_wconf 74' lang='lat' dir='ltr'>qua</span> <span class='ocrx_word' id='word_1_113' title='bbox 878 2502 964 2582; x_wconf 71' lang='lat' dir='ltr'>satia</span> <span class='ocrx_word' id='word_1_114' title='bbox 983 2500 1101 2592; x_wconf 82' lang='lat' dir='ltr'>effent,</span> <span class='ocrx_word' id='word_1_115' title='bbox 1121 2530 1191 2581; x_wconf 89' lang='lat' dir='ltr'>non</span> <span class='ocrx_word' id='word_1_116' title='bbox 1212 2502 1332 2604; x_wconf 73' lang='lat' dir='ltr'>pollet,</span> <span class='ocrx_word' id='word_1_117' title='bbox 1361 2535 1432 2610; x_wconf 81' lang='lat' dir='ltr'>quae</span> <span class='ocrx_word' id='word_1_118' title='bbox 1448 2505 1666 2607; x_wconf 82' lang='lat' dir='ltr'>gestaautem</span> 
     </span>
     <span class='ocr_line' id='line_1_18' title="bbox 616 2604 1668 2710; baseline 0.001 -24"><span class='ocrx_word' id='word_1_119' title='bbox 616 2608 738 2697; x_wconf 83' lang='lat' dir='ltr'>effent,</span> <span class='ocrx_word' id='word_1_120' title='bbox 756 2609 866 2696; x_wconf 80' lang='lat' dir='ltr'>filere,</span> <span class='ocrx_word' id='word_1_121' title='bbox 883 2614 952 2692; x_wconf 84' lang='lat' dir='ltr'>hoe¹</span> <span class='ocrx_word' id='word_1_122' title='bbox 965 2633 1043 2684; x_wconf 86' lang='lat' dir='ltr'>vero</span> <span class='ocrx_word' id='word_1_123' title='bbox 1057 2604 1133 2682; x_wconf 83' lang='lat' dir='ltr'>ell&#39;et</span> <span class='ocrx_word' id='word_1_124' title='bbox 1144 2614 1311 2682; x_wconf 83' lang='lat' dir='ltr'>veritatem</span> <span class='ocrx_word' id='word_1_125' title='bbox 1325 2609 1463 2710; x_wconf 87' lang='lat' dir='ltr'>prodere</span> <span class='ocrx_word' id='word_1_126' title='bbox 1477 2616 1512 2684; x_wconf 73' lang='grc' dir='ltr'>ἀ</span> <span class='ocrx_word' id='word_1_127' title='bbox 1527 2609 1668 2706; x_wconf 75' lang='lat' dir='ltr'>billoriar</span> 
     </span>
     <span class='ocr_line' id='line_1_19' title="bbox 539 2708 1670 2846; baseline 0.009 -66"><span class='ocrx_word' id='word_1_128' title='bbox 539 2776 542 2780; x_wconf 87' lang='lat'>.</span> <span class='ocrx_word' id='word_1_129' title='bbox 617 2715 773 2846; x_wconf 67' lang='lat' dir='ltr'>legitimae</span> <span class='ocrx_word' id='word_1_130' title='bbox 798 2723 869 2788; x_wconf 88' lang='lat' dir='ltr'>iura</span> <span class='ocrx_word' id='word_1_131' title='bbox 890 2724 1110 2812; x_wconf 78' lang='lat' dir='ltr'>corrumpere.</span> <span class='ocrx_word' id='word_1_132' title='bbox 1144 2708 1306 2810; x_wconf 70' lang='grc' dir='ltr'>μάλιςα,</span> <span class='ocrx_word' id='word_1_133' title='bbox 1330 2718 1435 2816; x_wconf 84' lang='lat' dir='ltr'>inquit</span> <span class='ocrx_word' id='word_1_134' title='bbox 1455 2717 1670 2802; x_wconf 85' lang='lat' dir='ltr'>Sozomenus,</span> 
     </span>
     <span class='ocr_line' id='line_1_20' title="bbox 618 2805 1701 2941; baseline -0.002 -47"><span class='ocrx_word' id='word_1_135' title='bbox 618 2847 686 2906; x_wconf 73' lang='lat' dir='ltr'>ens</span> <span class='ocrx_word' id='word_1_136' title='bbox 705 2811 886 2906; x_wconf 65' lang='grc' dir='ltr'>ἀληθείας</span> <span class='ocrx_word' id='word_1_137' title='bbox 910 2821 1014 2909; x_wconf 69' lang='lat' dir='ltr'>inane</span> <span class='ocrx_word' id='word_1_138' title='bbox 1048 2813 1067 2832; x_wconf 62' lang='lat'><strong>⁸</strong></span> <span class='ocrx_word' id='word_1_139' title='bbox 1100 2843 1139 2910; x_wconf 76' lang='lat' dir='ltr'>aq</span> <span class='ocrx_word' id='word_1_140' title='bbox 1212 2811 1289 2904; x_wconf 77' lang='lat' dir='ltr'>salt,</span> <span class='ocrx_word' id='word_1_141' title='bbox 1310 2805 1367 2893; x_wconf 69' lang='lat' dir='ltr'>lsai</span> <span class='ocrx_word' id='word_1_142' title='bbox 1394 2810 1524 2904; x_wconf 67' lang='lat' dir='ltr'>rd&#39;rir</span> <span class='ocrx_word' id='word_1_143' title='bbox 1541 2821 1701 2941; x_wconf 63' lang='lat' dir='ltr'>letgiae.</span> 
     </span>
    </p>
   </div>
   <div class='ocr_carea' id='block_1_5' title="bbox 1220 2911 1229 2938">
    <p class='ocr_par' dir='ltr' id='par_1_5' title="bbox 1220 2911 1229 2938">
     <span class='ocr_line' id='line_1_21' title="bbox 1220 2911 1229 2938; baseline 0 0"><span class='ocrx_word' id='word_1_144' title='bbox 1220 2911 1229 2938; x_wconf 81' lang='grc' dir='ltr'><em>Ι</em></span> 
     </span>
    </p>
   </div>
   <div class='ocr_carea' id='block_1_6' title="bbox 581 2842 1717 4463">
    <p class='ocr_par' dir='ltr' id='par_1_6' title="bbox 581 2842 1717 4463">
     <span class='ocr_line' id='line_1_22' title="bbox 619 2842 1671 3016; baseline 0 -20"><span class='ocrx_word' id='word_1_145' title='bbox 619 2909 829 3004; x_wconf 71' lang='lat' dir='ltr'>daissdnben·</span> <span class='ocrx_word' id='word_1_146' title='bbox 843 2923 1018 3003; x_wconf 74' lang='lat' dir='ltr'>&amp;iterum</span> <span class='ocrx_word' id='word_1_147' title='bbox 1032 2910 1107 2994; x_wconf 71' lang='grc' dir='ltr'>πάν</span> <span class='ocrx_word' id='word_1_148' title='bbox 1124 2842 1318 3016; x_wconf 40' lang='lat' dir='ltr'>,adcurrens</span> <span class='ocrx_word' id='word_1_149' title='bbox 1334 2905 1495 3011; x_wconf 59' lang='lat' dir='ltr'>nesciebas</span> <span class='ocrx_word' id='word_1_150' title='bbox 1508 2917 1572 3005; x_wconf 72' lang='lat' dir='ltr'>riis</span> <span class='ocrx_word' id='word_1_151' title='bbox 1585 2937 1671 3008; x_wconf 72' lang='lat' dir='ltr'>nnn·</span> 
     </span>
     <span class='ocr_line' id='line_1_23' title="bbox 621 3011 1671 3119; baseline -0.01 -18"><span class='ocrx_word' id='word_1_152' title='bbox 621 3018 728 3101; x_wconf 69' lang='lat' dir='ltr'>boiae</span> <span class='ocrx_word' id='word_1_153' title='bbox 742 3019 802 3100; x_wconf 60' lang='grc' dir='ltr'>τὶν</span> <span class='ocrx_word' id='word_1_154' title='bbox 812 3023 1030 3119; x_wconf 63' lang='grc' dir='ltr'>συγγραφέα</span> <span class='ocrx_word' id='word_1_155' title='bbox 1041 3011 1216 3114; x_wconf 60' lang='grc' dir='ltr'>προσήκω.</span> <span class='ocrx_word' id='word_1_156' title='bbox 1256 3025 1347 3093; x_wconf 87' lang='lat' dir='ltr'>luvat</span> <span class='ocrx_word' id='word_1_157' title='bbox 1360 3025 1448 3094; x_wconf 91' lang='lat' dir='ltr'>enim</span> <span class='ocrx_word' id='word_1_158' title='bbox 1461 3020 1567 3096; x_wconf 91' lang='lat' dir='ltr'>adhuc</span> <span class='ocrx_word' id='word_1_159' title='bbox 1579 3048 1671 3106; x_wconf 84' lang='lat' dir='ltr'>com.</span> 
     </span>
     <span class='ocr_line' id='line_1_24' title="bbox 622 3120 1670 3225; baseline 0 -25"><span class='ocrx_word' id='word_1_160' title='bbox 622 3152 806 3200; x_wconf 83' lang='lat' dir='ltr'>ntemorare</span> <span class='ocrx_word' id='word_1_161' title='bbox 825 3122 974 3198; x_wconf 86' lang='lat' dir='ltr'>candoris</span> <span class='ocrx_word' id='word_1_162' title='bbox 996 3120 1164 3214; x_wconf 88' lang='lat' dir='ltr'>Polybiani</span> <span class='ocrx_word' id='word_1_163' title='bbox 1186 3121 1427 3210; x_wconf 82' lang='lat' dir='ltr'>testimonium,</span> <span class='ocrx_word' id='word_1_164' title='bbox 1455 3121 1509 3198; x_wconf 81' lang='lat' dir='ltr'>l&#39;ed</span> <span class='ocrx_word' id='word_1_165' title='bbox 1534 3124 1670 3225; x_wconf 74' lang='lat' dir='ltr'>insigne.</span> 
     </span>
     <span class='ocr_line' id='line_1_25' title="bbox 623 3226 1673 3329; baseline 0 -27"><span class='ocrx_word' id='word_1_166' title='bbox 623 3233 700 3310; x_wconf 80' lang='lat' dir='ltr'>Erat</span> <span class='ocrx_word' id='word_1_167' title='bbox 714 3227 850 3329; x_wconf 86' lang='lat' dir='ltr'>reipubl.</span> <span class='ocrx_word' id='word_1_168' title='bbox 864 3232 1059 3301; x_wconf 84' lang='lat' dir='ltr'>Acbaeorum</span> <span class='ocrx_word' id='word_1_169' title='bbox 1072 3245 1162 3298; x_wconf 88' lang='lat' dir='ltr'>vetus</span> <span class='ocrx_word' id='word_1_170' title='bbox 1176 3252 1252 3298; x_wconf 89' lang='lat' dir='ltr'>cum</span> <span class='ocrx_word' id='word_1_171' title='bbox 1266 3230 1395 3325; x_wconf 86' lang='lat' dir='ltr'>regibus</span> <span class='ocrx_word' id='word_1_172' title='bbox 1407 3230 1538 3328; x_wconf 83' lang='lat' dir='ltr'>AEgypti</span> <span class='ocrx_word' id='word_1_173' title='bbox 1553 3226 1673 3316; x_wconf 84' lang='lat' dir='ltr'>foedus,</span> 
     </span>
     <span class='ocr_line' id='line_1_26' title="bbox 622 3326 1673 3434; baseline 0 -29"><span class='ocrx_word' id='word_1_174' title='bbox 622 3330 715 3434; x_wconf 87' lang='lat' dir='ltr'>quod</span> <span class='ocrx_word' id='word_1_175' title='bbox 736 3359 814 3406; x_wconf 89' lang='lat' dir='ltr'>cum</span> <span class='ocrx_word' id='word_1_176' title='bbox 835 3329 970 3430; x_wconf 75' lang='lat' dir='ltr'>singulis</span> <span class='ocrx_word' id='word_1_177' title='bbox 992 3355 1125 3413; x_wconf 88' lang='lat' dir='ltr'>eorum,</span> <span class='ocrx_word' id='word_1_178' title='bbox 1150 3326 1254 3402; x_wconf 91' lang='lat' dir='ltr'>modo</span> <span class='ocrx_word' id='word_1_179' title='bbox 1280 3329 1520 3404; x_wconf 86' lang='lat' dir='ltr'>conditionibus</span> <span class='ocrx_word' id='word_1_180' title='bbox 1545 3331 1673 3418; x_wconf 86' lang='lat' dir='ltr'>iisdem,</span> 
     </span>
     <span class='ocr_line' id='line_1_27' title="bbox 625 3427 1677 3530; baseline 0.001 -22"><span class='ocrx_word' id='word_1_181' title='bbox 625 3432 730 3509; x_wconf 91' lang='lat' dir='ltr'>modo</span> <span class='ocrx_word' id='word_1_182' title='bbox 741 3435 883 3510; x_wconf 87' lang='lat' dir='ltr'>multum</span> <span class='ocrx_word' id='word_1_183' title='bbox 898 3430 1040 3517; x_wconf 84' lang='lat' dir='ltr'>diverlls,</span> <span class='ocrx_word' id='word_1_184' title='bbox 1053 3427 1157 3504; x_wconf 83' lang='lat' dir='ltr'>fuerat</span> <span class='ocrx_word' id='word_1_185' title='bbox 1171 3453 1373 3510; x_wconf 88' lang='lat' dir='ltr'>renovatum.</span> <span class='ocrx_word' id='word_1_186' title='bbox 1413 3432 1542 3507; x_wconf 81' lang='lat' dir='ltr'>Accidit</span> <span class='ocrx_word' id='word_1_187' title='bbox 1556 3435 1677 3530; x_wconf 63' lang='lat' dir='ltr'>Olym,</span> 
     </span>
     <span class='ocr_line' id='line_1_28' title="bbox 625 3534 1674 3642; baseline -0.001 -31"><span class='ocrx_word' id='word_1_188' title='bbox 625 3535 721 3639; x_wconf 89' lang='lat' dir='ltr'>piade</span> <span class='ocrx_word' id='word_1_189' title='bbox 743 3565 897 3616; x_wconf 77' lang='lat' dir='ltr'>exavur.</span> <span class='ocrx_word' id='word_1_190' title='bbox 914 3556 950 3608; x_wconf 92' lang='lat' dir='ltr'>ut</span> <span class='ocrx_word' id='word_1_191' title='bbox 971 3535 1161 3608; x_wconf 80' lang='lat' dir='ltr'>Ptolemaeus</span> <span class='ocrx_word' id='word_1_192' title='bbox 1182 3537 1383 3634; x_wconf 86' lang='lat' dir='ltr'>Epiphanes,</span> <span class='ocrx_word' id='word_1_193' title='bbox 1407 3562 1444 3609; x_wconf 86' lang='lat' dir='ltr'>ea</span> <span class='ocrx_word' id='word_1_194' title='bbox 1467 3534 1508 3611; x_wconf 90' lang='lat' dir='ltr'>de</span> <span class='ocrx_word' id='word_1_195' title='bbox 1528 3565 1563 3610; x_wconf 85' lang='lat' dir='ltr'>re</span> <span class='ocrx_word' id='word_1_196' title='bbox 1585 3538 1674 3642; x_wconf 86' lang='lat' dir='ltr'>lega·</span> 
     </span>
     <span class='ocr_line' id='line_1_29' title="bbox 626 3633 1675 3716; baseline -0.001 0"><span class='ocrx_word' id='word_1_197' title='bbox 626 3665 698 3716; x_wconf 86' lang='lat' dir='ltr'>tum</span> <span class='ocrx_word' id='word_1_198' title='bbox 709 3643 917 3716; x_wconf 88' lang='lat' dir='ltr'>Demetrium</span> <span class='ocrx_word' id='word_1_199' title='bbox 928 3634 969 3711; x_wconf 87' lang='lat' dir='ltr'>ad</span> <span class='ocrx_word' id='word_1_200' title='bbox 981 3642 1118 3712; x_wconf 82' lang='lat' dir='ltr'>Achaeos</span> <span class='ocrx_word' id='word_1_201' title='bbox 1131 3641 1283 3710; x_wconf 82' lang='lat' dir='ltr'>mitteret.</span> <span class='ocrx_word' id='word_1_202' title='bbox 1325 3634 1422 3714; x_wconf 82' lang='lat' dir='ltr'>Scilla</span> <span class='ocrx_word' id='word_1_203' title='bbox 1435 3660 1504 3712; x_wconf 91' lang='lat' dir='ltr'>tum</span> <span class='ocrx_word' id='word_1_204' title='bbox 1516 3661 1583 3713; x_wconf 81' lang='lat' dir='ltr'>erat</span> <span class='ocrx_word' id='word_1_205' title='bbox 1595 3633 1649 3713; x_wconf 88' lang='lat' dir='ltr'>res</span> <span class='ocrx_word' id='word_1_206' title='bbox 1665 3696 1675 3715; x_wconf 94' lang='lat'>.</span> 
     </span>
     <span class='ocr_line' id='line_1_30' title="bbox 628 3667 1676 3843; baseline -0.002 -25"><span class='ocrx_word' id='word_1_207' title='bbox 628 3744 683 3818; x_wconf 89' lang='lat' dir='ltr'>illa</span> <span class='ocrx_word' id='word_1_208' title='bbox 709 3748 745 3816; x_wconf 89' lang='lat' dir='ltr'>in</span> <span class='ocrx_word' id='word_1_209' title='bbox 770 3742 928 3820; x_wconf 73' lang='lat' dir='ltr'>factiones</span> <span class='ocrx_word' id='word_1_210' title='bbox 955 3739 1053 3831; x_wconf 80' lang='lat' dir='ltr'>duas3</span> <span class='ocrx_word' id='word_1_211' title='bbox 1086 3765 1222 3841; x_wconf 84' lang='lat' dir='ltr'>quarum</span> <span class='ocrx_word' id='word_1_212' title='bbox 1241 3739 1367 3825; x_wconf 85' lang='lat' dir='ltr'>alterius</span> <span class='ocrx_word' id='word_1_213' title='bbox 1391 3748 1550 3843; x_wconf 84' lang='lat' dir='ltr'>principes</span> <span class='ocrx_word' id='word_1_214' title='bbox 1571 3667 1676 3817; x_wconf 51' lang='lat' dir='ltr'>cende)-</span> 
     </span>
     <span class='ocr_line' id='line_1_31' title="bbox 628 3845 1677 3946; baseline 0 -26"><span class='ocrx_word' id='word_1_215' title='bbox 628 3849 744 3920; x_wconf 88' lang='lat' dir='ltr'>bantur</span> <span class='ocrx_word' id='word_1_216' title='bbox 766 3845 1035 3946; x_wconf 86' lang='lat' dir='ltr'>Philopoemenes</span> <span class='ocrx_word' id='word_1_217' title='bbox 1056 3849 1092 3918; x_wconf 80' lang='lat' dir='ltr'>dt</span> <span class='ocrx_word' id='word_1_218' title='bbox 1112 3848 1286 3936; x_wconf 80' lang='lat' dir='ltr'>Lycortas,</span> <span class='ocrx_word' id='word_1_219' title='bbox 1310 3845 1408 3919; x_wconf 88' lang='lat' dir='ltr'>nollri</span> <span class='ocrx_word' id='word_1_220' title='bbox 1422 3867 1527 3946; x_wconf 90' lang='lat' dir='ltr'>pater:</span> <span class='ocrx_word' id='word_1_221' title='bbox 1550 3846 1677 3920; x_wconf 85' lang='lat' dir='ltr'>alterius</span> 
     </span>
     <span class='ocr_line' id='line_1_32' title="bbox 581 3943 1680 4048; baseline -0.001 -26"><span class='ocrx_word' id='word_1_222' title='bbox 581 4005 585 4010; x_wconf 81' lang='lat'><em>-</em></span> <span class='ocrx_word' id='word_1_223' title='bbox 629 3977 710 4023; x_wconf 84' lang='lat' dir='ltr'>eum</span> <span class='ocrx_word' id='word_1_224' title='bbox 724 3947 795 4038; x_wconf 92' lang='lat' dir='ltr'>alii,</span> <span class='ocrx_word' id='word_1_225' title='bbox 814 3970 885 4022; x_wconf 87' lang='lat' dir='ltr'>tum</span> <span class='ocrx_word' id='word_1_226' title='bbox 899 3943 1221 4047; x_wconf 80' lang='lat' dir='ltr'>Aristaenusqoidam.</span> <span class='ocrx_word' id='word_1_227' title='bbox 1275 3953 1387 4048; x_wconf 83' lang='lat' dir='ltr'>Qum</span> <span class='ocrx_word' id='word_1_228' title='bbox 1403 3954 1484 4048; x_wconf 87' lang='lat' dir='ltr'>parti</span> <span class='ocrx_word' id='word_1_229' title='bbox 1505 3949 1680 4048; x_wconf 85' lang='lat' dir='ltr'>Philopoe-</span> 
     </span>
     <span class='ocr_line' id='line_1_33' title="bbox 630 4049 1717 4151; baseline 0 -25"><span class='ocrx_word' id='word_1_230' title='bbox 630 4058 736 4126; x_wconf 85' lang='lat' dir='ltr'>menis</span> <span class='ocrx_word' id='word_1_231' title='bbox 751 4055 1049 4151; x_wconf 78' lang='lat' dir='ltr'>amicitiaAEgyptii</span> <span class='ocrx_word' id='word_1_232' title='bbox 1064 4049 1273 4150; x_wconf 80' lang='lat' dir='ltr'>probaretur3</span> <span class='ocrx_word' id='word_1_233' title='bbox 1295 4052 1334 4126; x_wconf 83' lang='lat' dir='ltr'>fit</span> <span class='ocrx_word' id='word_1_234' title='bbox 1349 4049 1515 4126; x_wconf 87' lang='lat' dir='ltr'>decretum</span> <span class='ocrx_word' id='word_1_235' title='bbox 1529 4050 1570 4126; x_wconf 87' lang='lat' dir='ltr'>de</span> <span class='ocrx_word' id='word_1_236' title='bbox 1586 4061 1686 4127; x_wconf 55' lang='lat' dir='ltr'>reno?</span> <span class='ocrx_word' id='word_1_237' title='bbox 1715 4069 1717 4074; x_wconf 85' lang='lat'>&#39;</span> 
     </span>
     <span class='ocr_line' id='line_1_34' title="bbox 630 4151 1682 4253; baseline -0.002 -25"><span class='ocrx_word' id='word_1_238' title='bbox 630 4151 742 4230; x_wconf 82' lang='lat' dir='ltr'>vando</span> <span class='ocrx_word' id='word_1_239' title='bbox 764 4151 904 4239; x_wconf 85' lang='lat' dir='ltr'>loedere,</span> <span class='ocrx_word' id='word_1_240' title='bbox 926 4180 1025 4253; x_wconf 85' lang='lat' dir='ltr'>eaque</span> <span class='ocrx_word' id='word_1_241' title='bbox 1043 4153 1111 4227; x_wconf 82' lang='lat' dir='ltr'>stne</span> <span class='ocrx_word' id='word_1_242' title='bbox 1129 4155 1284 4245; x_wconf 82' lang='lat' dir='ltr'>Lycortas</span> <span class='ocrx_word' id='word_1_243' title='bbox 1301 4152 1342 4228; x_wconf 89' lang='lat' dir='ltr'>ad</span> <span class='ocrx_word' id='word_1_244' title='bbox 1357 4155 1567 4230; x_wconf 80' lang='lat' dir='ltr'>Ptolemaum</span> <span class='ocrx_word' id='word_1_245' title='bbox 1582 4159 1682 4228; x_wconf 87' lang='lat' dir='ltr'>mitti·</span> 
     </span>
     <span class='ocr_line' id='line_1_35' title="bbox 632 4253 1682 4354; baseline -0.002 -20"><span class='ocrx_word' id='word_1_246' title='bbox 632 4281 696 4334; x_wconf 89' lang='lat' dir='ltr'>tur.</span> <span class='ocrx_word' id='word_1_247' title='bbox 721 4263 746 4330; x_wconf 89' lang='lat' dir='ltr'>it</span> <span class='ocrx_word' id='word_1_248' title='bbox 763 4261 931 4349; x_wconf 84' lang='lat' dir='ltr'>Lycortas,</span> <span class='ocrx_word' id='word_1_249' title='bbox 949 4253 1051 4341; x_wconf 90' lang='lat' dir='ltr'>redit,</span> <span class='ocrx_word' id='word_1_250' title='bbox 1069 4256 1267 4354; x_wconf 85' lang='lat' dir='ltr'>legationem</span> <span class='ocrx_word' id='word_1_251' title='bbox 1281 4265 1449 4331; x_wconf 88' lang='lat' dir='ltr'>renuntiat.</span> <span class='ocrx_word' id='word_1_252' title='bbox 1500 4258 1682 4346; x_wconf 80' lang='lat' dir='ltr'>Atilianus,</span> 
     </span>
     <span class='ocr_line' id='line_1_36' title="bbox 589 4356 1683 4463; baseline 0.001 -28"><span class='ocrx_word' id='word_1_253' title='bbox 589 4421 612 4440; x_wconf 88' lang='grc'>.,</span> <span class='ocrx_word' id='word_1_254' title='bbox 633 4365 691 4463; x_wconf 82' lang='lat' dir='ltr'>qui</span> <span class='ocrx_word' id='word_1_255' title='bbox 710 4356 843 4434; x_wconf 81' lang='lat' dir='ltr'>soederis</span> <span class='ocrx_word' id='word_1_256' title='bbox 865 4357 1051 4457; x_wconf 74' lang='lat' dir='ltr'>simpliciter</span> <span class='ocrx_word' id='word_1_257' title='bbox 1072 4359 1140 4432; x_wconf 82' lang='lat' dir='ltr'>fleri</span> <span class='ocrx_word' id='word_1_258' title='bbox 1164 4362 1365 4432; x_wconf 89' lang='lat' dir='ltr'>mentionem</span> <span class='ocrx_word' id='word_1_259' title='bbox 1388 4359 1530 4451; x_wconf 72' lang='lat' dir='ltr'>audirer,</span> <span class='ocrx_word' id='word_1_260' title='bbox 1560 4385 1683 4463; x_wconf 83' lang='lat' dir='ltr'>gnarus</span> 
     </span>
    </p>
   </div>
   <div class='ocr_carea' id='block_1_7' title="bbox 635 4458 1685 4586">
    <p class='ocr_par' dir='ltr' id='par_1_7' title="bbox 635 4458 1685 4586">
     <span class='ocr_line' id='line_1_37' title="bbox 635 4458 1685 4586; baseline -0.006 -43"><span class='ocrx_word' id='word_1_261' title='bbox 635 4465 745 4567; x_wconf 59' lang='lat' dir='ltr'>dures</span> <span class='ocrx_word' id='word_1_262' title='bbox 770 4489 811 4538; x_wconf 86' lang='lat' dir='ltr'>ae</span> <span class='ocrx_word' id='word_1_263' title='bbox 830 4458 964 4538; x_wconf 80' lang='lat' dir='ltr'>diversas</span> <span class='ocrx_word' id='word_1_264' title='bbox 989 4488 1052 4567; x_wconf 89' lang='lat' dir='ltr'>pro</span> <span class='ocrx_word' id='word_1_265' title='bbox 1074 4463 1274 4565; x_wconf 84' lang='lat' dir='ltr'>temporibus</span> <span class='ocrx_word' id='word_1_266' title='bbox 1293 4458 1387 4540; x_wconf 82' lang='lat' dir='ltr'>fuiffe</span> <span class='ocrx_word' id='word_1_267' title='bbox 1408 4470 1476 4541; x_wconf 85' lang='lat' dir='ltr'>eius</span> <span class='ocrx_word' id='word_1_268' title='bbox 1501 4461 1685 4586; x_wconf 35' lang='lat' dir='ltr'>formulas-3</span> 
     </span>
    </p>
   </div>
   <div class='ocr_carea' id='block_1_8' title="bbox 1605 4585 1686 4672">
    <p class='ocr_par' dir='ltr' id='par_1_8' title="bbox 1605 4585 1686 4672">
     <span class='ocr_line' id='line_1_38' title="bbox 1605 4585 1686 4672; baseline 0 -30"><span class='ocrx_word' id='word_1_269' title='bbox 1605 4585 1686 4672; x_wconf 72' lang='lat' dir='ltr'>petit</span> 
     </span>
    </p>
   </div>
   <div class='ocr_carea' id='block_1_9' title="bbox 0 0 2337 5592">
    <p class='ocr_par' dir='ltr' id='par_1_9' title="bbox 0 0 2337 5592">
     <span class='ocr_line' id='line_1_39' title="bbox 0 0 2337 5592; baseline 0 0"><span class='ocrx_word' id='word_1_270' title='bbox 0 0 2337 5592; x_wconf 95' lang='lat' dir='ltr'> </span> 
     </span>
    </p>
   </div>
  </div>
 </body>
</html>
