4575 5592
640 668 717 742 AD
739 670 886 746 SVAM
902 669 1114 749 201⁴?ssss
1137 662 1466 747 EDITIONEM.
1494 609 1613 750 xxiim

570 856 699 928 illorum
711 852 860 929 'errorem
875 851 1024 957 supinum
1043 876 1142 958 atque·
1155 852 1298 929 insanum
1316 883 1472 958 magnum
1487 853 1613 932 validii

568 955 655 1031 fiunis
677 959 854 1031 rationibus
873 956 1126 1047 confutavimus,
1147 960 1204 1061 'qni
1227 959 1364 1033 maledo
1379 959 1487 1035 diis&
1502 959 1613 1036 divine

568 1058 771 1163 providentie
793 1062 964 1155 Polybium
987 1058 1127 1151 sensisse,
1148 1059 1216 1136 ausi
1238 1061 1309 1137 sunt
1323 1060 1465 1137 scribere.
1517 1064 1612 1140 Adeo
1638 1091 1640 1103 ·

569 1170 706 1240 homine
721 1171 874 1263 imperito
888 1164 966 1237 nihil
979 1172 1149 1268 quicquum
1163 1165 1316 1240 iniustius.
1356 1167 1442 1267 Qrid
1459 1168 1611 1256 iniustius,
1654 1247 1656 1251 ,

567 1295 665 1370 quam
687 1265 884 1350 &Scitne-oe
903 1297 921 1340 a
941 1268 1024 1340 maie
1045 1266 1160 1342 feriato
1173 1271 1355 1369 politico&
1368 1270 1611 1370 Theologastro

568 1377 675 1446 onmis
689 1374 896 1445 humanitatis
909 1370 1143 1471 imperitissimo
1157 1399 1233 1444 eum
1248 1378 1356 1447 virum
1371 1372 1536 1459 damnari,
1554 1380 1612 1476 qui

567 1472 714 1550 Arcadia
734 1479 842 1575 patriae
861 1469 920 1546 suae
939 1480 1137 1575 precipuum
1160 1473 1256 1548 decue
1274 1497 1374 1575 ponat
1394 1484 1425 1552 ἐν
1446 1475 1490 1563 r}
1504 1506 1553 1551 err
1568 1472 1610 1555 ri
1733 1501 1739 1510 '

568 1576 661 1658 θεῖον
686 1574 868 1680 εὐσεβέος,
896 1583 931 1649 in
957 1582 1072 1678 pietate
1092 1604 1169 1677 erga
1188 1577 1308 1651 deum?
1338 1585 1392 1682 qui
1415 1577 1495 1652 iocis
1517 1576 1611 1655 sacris

568 1682 645 1759 belli
665 1701 813 1781 tempore
835 1706 902 1752 non
917 1707 1065 1780 parcere,
1089 1682 1236 1754 ultimam
1251 1678 1372 1755 sceleris
1387 1702 1481 1783 atque
1493 1687 1611 1757 imme·

568 1790 673 1858 uitatis
692 1783 810 1858 lineam
830 1789 938 1882 putet?
964 1789 1016 1885 qui
1032 1789 1119 1884 pacis
1135 1784 1205 1882 post
1222 1784 1409 1858 diuturnum
1425 1787 1546 1859 bellurn
1561 1792 1610 1860 in.

568 1884 698 1973 secutae,
717 1892 860 1987 primum
873 1908 905 1959 et
915 1892 1065 1959 omnium
1077 1886 1332 1986 pulcherrimum
1347 1885 1488 1964 fruc‘ium
1506 1914 1609 1988 agno·

566 1988 646 2077 scer,
658 1988 744 2062 aedes
759 1983 858 2062 sacrae
871 1988 989 2062 dirutae
1001 2011 1055 2062 aut
1068 1988 1222 2090 collapsae
1234 1992 1422 2079 instaurem
1447 1993 1610 2091 neglcdiar

567 2092 670 2167 divini
693 2094 800 2166 cultus
821 2100 1018 2166 ceremonias
1036 2098 1071 2165 in
1094 2090 1186 2165 usum
1206 2101 1376 2168 revocare?
1400 2099 1454 2195 qui
1473 2100 1610 2169 civitatis

566 2200 648 2274 bene
668 2199 867 2297 &legitime
889 2193 1040 2269 ordinator
1059 2188 1199 2297 primam
1221 2203 1370 2270 omnium
1385 2196 1610 2273 conditionem
1730 2264 1734 2275 .

566 2322 684 2403 ponat,
708 2321 745 2373 ut
759 2306 793 2372 in
808 2326 844 2371 ea
858 2300 971 2399 religio
986 2305 1113 2398 vigeat?
1138 2307 1193 2403 qui
1208 2298 1466 2401 magnitudinem
1478 2306 1608 2400 imperii

567 2409 709 2482 Romani
729 2407 840 2506 pietati
857 2402 1077 2504 illiur‚populi
1095 2399 1177 2476 ferar
1189 2410 1376 2504 acceptam?
1400 2430 1462 2503 qua
1476 2403 1609 2504 quidem

566 2534 669 2608 usque
686 2534 729 2580 eo
752 2503 1010 2580 Romanos¹vult
1029 2504 1224 2593 excelluiss'e‚
1249 2528 1285 2581 ut
1298 2512 1394 2579 etiam
1407 2501 1610 2607 superstitioii
1672 2540 1674 2551 ·

569 2607 747 2712 sapientum
759 2608 880 2684 iudicio
892 2607 989 2698 rideri
1003 2604 1147 2710 poliente
1168 2637 1293 2698 verum,
1306 2636 1402 2712 quom
1418 2606 1610 2710 superstitio·

567 2742 644 2789 nem
657 2716 715 2788 olii
729 2734 869 2798 vocant,
887 2718 1006 2816 inquit,
1023 2739 1060 2785 ea
1073 2712 1119 2785 est
1133 2712 1217 2814 apud
1240 2717 1293 2787 Ro
1427 2703 1608 2811 ὑπερβολὴ

564 2826 702 2920 pietatis.
727 2823 781 2918 qui
803 2823 896 2890 toties
916 2818 1000 2888 bona
1013 2818 1104 2889 bouis
1117 2739 1426 2916 movenhem
1440 2816 1525 2888 mule
1538 2842 1609 2915 per·

565 2931 632 3007 ire,
657 2924 741 2995 bene
765 2916 909 2992 consulta
934 2946 1048 3019 parum
1071 2922 1153 2993 bene
1177 2921 1338 2993 interdum
1365 2919 1478 2992 cedere
1504 2914 1610 3017 παραὶ

567 3025 656 3104 θεῶν
673 3019 732 3117 rio}
756 3024 804 3101 τέ
823 3012 990 3116 imparile,
1015 3022 1066 3096 dei
1084 3047 1166 3096 nutu
1180 3044 1273 3123 atque
1293 3030 1443 3108 numine,
1468 3046 1609 3120 pronun·

549 3201 551 3208 ,
565 3134 644 3201 tier?
668 3132 724 3229 qui
741 3115 878 3229 deniqire
891 3131 1003 3198 omnia
1017 3127 1247 3199 miraculorum
1260 3150 1444 3199 commennr
1459 3151 1499 3198 ex
1512 3122 1609 3199 hisso-

567 3238 631 3316 ria,
664 3258 763 3331 quam
783 3225 1036 3327 πραγματικὴν
1056 3230 1211 3344 appellat,
1242 3258 1319 3303 curn
1347 3227 1452 3301 studio
1483 3243 1607 3326 magno

565 3336 730 3423 eliminet3
768 3334 871 3405 verbis
898 3353 1007 3404 tamen
1029 3331 1148 3405 dilectis
1170 3332 1255 3405 libro
1279 3361 1357 3406 xvr.
1385 3361 1422 3404 ea
1446 3331 1610 3416 miracula,
1701 3370 1703 3374 ·

568 3468 638 3542 quae
664 3435 705 3510 ad
734 3433 929 3508 firmandam
957 3441 1145 3535 opinionem
1167 3434 1207 3508 de
1228 3434 1290 3508 deo
1311 3442 1440 3536 eiusque
1466 3439 1608 3534 porentia

566 3535 766 3642 pertineam,
786 3547 822 3613 &
834 3536 980 3611 admittat
993 3546 1027 3612 ὅ(
1042 3537 1259 3612 commendet.
1310 3547 1499 3613 Poterantne
1516 3565 1533 3608 a
1548 3542 1609 3610 mi·

566 3644 637 3718 sero
657 3647 788 3717 ethnico
808 3643 974 3716 illustriora
995 3643 1139 3715 inclinati
1160 3641 1200 3713 ad
1227 3649 1375 3742 pietatem
1395 3646 1494 3713 animi
1511 3639 1609 3739 profi·

567 3745 637 3821 cisti
661 3746 864 3819 testimonia?
890 3741 943 3818 sed
965 3767 1000 3818 ut
1016 3747 1128 3819 meiius
1142 3745 1281 3832 constet,
1303 3752 1357 3850 qui
1370 3743 1466 3817 fuerit
1482 3743 1610 3835 Polybii

567 3847 690 3936 sensus,
710 3876 782 3950 quae
793 3844 942 3920 sententia
958 3845 1051 3948 super
1063 3848 1234 3951 quaestione
1251 3870 1316 3921 tam
1334 3853 1425 3950 gravi
1440 3845 1480 3919 de
1500 3874 1610 3927 rerum

567 3958 780 4027 humanarum
801 3954 1052 4050 gubernatione,
1082 3954 1178 4025 verba
1199 3951 1323 4040 Suidae,
1352 3956 1493 4027 hominio
1516 3953 1609 4022 Chri·

568 4056 677 4144 iliani,
697 4052 1009 4157 qui'diligentili'rme
1027 4054 1107 4126 illius
1130 4050 1242 4153 scripta
1262 4056 1400 4155 legerat}
1424 4058 1479 4149 hic
1496 4049 1608 4125 descri-

568 4162 652 4234 bam.
707 4164 872 4243 Fortuna,
899 4164 943 4231 uit
962 4158 1032 4243 iiie,
1065 4164 1152 4254 opud
1172 4163 1303 4232 Grocos
1324 4180 1355 4234 rt
1375 4154 1610 4258 paganos‚rst

566 4271 754 4363 munnio
774 4268 882 4335 mindi
892 4266 961 4362 fine
979 4266 1045 4334 ullo
1060 4268 1281 4356 providentio,
1298 4281 1356 4338 out
1374 4288 1480 4349 rervm
1499 4260 1609 4352 rursu

571 4374 607 4442 eb
619 4373 752 4442 incertis
765 4371 810 4439 od
824 4373 992 4467 incertum,
1012 4364 1059 4439 Εἴ
1074 4368 1109 4439 id
1120 4370 1206 4464 quod
1223 4370 1294 4460 castr
1301 4369 1476 4464 sponteque
1495 4370 1608 4437 comt.

570 4473 859 4565 omranynani
872 4467 978 4543 Deum
991 4475 1094 4544 omnio
1107 4469 1328 4565 aonmstrm
1339 4470 1539 4569 confirm:
1562 4467 1610 4540 id.

596 4603 686 4672 rom
696 4601 792 4669 runa.
804 4606 834 4658 r.
845 4601 915 4662 rur.
926 4604 953 4656 r.
960 4601 995 4656 n.
1255 4598 1274 4645 c
1510 4656 1513 4666 ,
1548 4595 1609 4672 qur
