4575 5592
746 677 992 750 AD¹SVAM
1015 673 1223 752 BOLYAEH
1243 679 1575 762 EDITIONEM·
1614 709 1695 762 xxc.

588 936 594 980 5
644 861 870 966 palliationem
894 889 937 938 ex
968 863 1094 964 legibue
1114 863 1194 938 datae
1218 873 1305 966 pacis
1330 869 1473 943 Romani
1498 873 1682 970 exigebant,

584 988 591 1043 ;
643 973 732 1038 tita'm
746 975 780 1040 dt
792 963 945 1040 fortunas
958 993 1075 1040 omnes
1086 964 1153 1040 suat
1169 975 1223 1042 uni
1238 971 1377 1065 Polybio
1396 969 1501 1047 ferens
1521 997 1679 1075 acceptas·⁹

638 1077 669 1142 iu
687 1097 728 1142 eo
743 1069 903 1144 'ornando
924 1071 1052 1145 nullum
1070 1073 1250 1168 excellentie
1270 1080 1404 1149 honoris
1424 1101 1526 1174 genus
1550 1099 1687 1178 praten·

637 1173 726 1248 nifit.
780 1171 845 1246 Sed
864 1181 977 1248 numia
995 1175 1167 1262 beneficia,
1187 1203 1258 1276 quae
1276 1207 1294 1250 a
1309 1205 1471 1279 quoquam
1489 1183 1677 1255 mortalium

635 1273 789 1380 proficisci
810 1297 978 1376 poterant,
1003 1283 1080 1350 vicit
1098 1275 1226 1377 scriptio
1245 1285 1338 1354 liuius
1354 1281 1509 1372 hillariae3
1542 1289 1577 1355 in
1597 1311 1685 1359 cum·

633 1385 808 1482 precipue,
828 1401 865 1452 ut
883 1379 1211 1468 modo-dicebamus,
1230 1379 1362 1483 scopum
1372 1383 1524 1472 -direeb,
1548 1413 1615 1487 quo
1631 1394 1675 1459 ci·

584 1564 592 1583 ⁸
634 1485 822 1556 tiburtinis
844 1481 1021 1582 prodesset,
1043 1513 1082 1558 ac
1099 1487 1220 1559 bonam
1242 1487 1302 1560 illis
1322 1508 1464 1562 mentem
1480 1495 1514 1564 dt
1535 1487 1675 1588 pruden-

632 1595 705 1658 tiam
723 1593 933 1686 ingeneraret.
985 1591 1209 1663 Fuitornnino
1222 1594 1256 1660 iu
1268 1595 1332 1664 hoc.
1344 1599 1415 1666 viro
1427 1593 1578 1665 naturalis
1591 1619 1684 1692 quae··

631 1689 704 1762 darii
729 1695 857 1762 bonitas
874 1697 910 1762 ἀ
927 1688 1042 1764 efficax
1062 1718 1144 1792 erga
1167 1719 1280 1766 omnes
1307 1699 1455 1768 homines
1482 1700 1674 1769 humanitas.

630 1802 713 1866 cuius
729 1793 909 1864 celebratur
919 1811 992 1864 'vox
1006 1792 1126 1880 divina„
1139 1794 1309 1870 confilium
1325 1795 1581 1898 damascipioni
1595 1795 1676 1888 suo;

629 1903 755 2006 quoties·
770 1893 860 1968 foras
881 1893 1049 1996 prodisset,
1081 1925 1122 1970 ne
1142 1897 1281 1971 domum
1300 1906 1398 1999 prius·
1411 1901 1545 1988 rediret,
1571 1928 1677 2002 quatu·

627 2003 762 2102 aliquem
787 1997 1097 2074 libibcnelaciendo
1116 2007 1261 2074 arnicuru
1282 2000 1480 2081 adiunxilset.
1515 2007 1672 2080 ohomr'·

625 2120 695 2178 rtem
715 2103 850 2202 publicu
868 2109 1022 2176 onmium
1041 2107 1214 2178 hominum
1235 2107 1472 2179 bono-natum!
1492 2105 1680 2205 odiguum-

625 2212 755 2280 maximi
782 2211 937 2306 cuiusque
961 2212 1046 2306 regis
1072 2227 1126 2278 aut
1154 2213 1353 2307 imperatoris
1371 2208 1601 2282 conllliariunt!
1623 2225 1670 2284 'et-

623 2317 705 2385 enim
727 2335 834 2412 quum
855 2309 1002 2408 plurimis
1016 2315 1163 2382 amicitiis
1174 2307 1303 2382 fortuna
1319 2318 1501 2411 principum
1513 2310 1675 2411 indigeat..

623 2419 828 2516 praecipuum¹
840 2411 888 2485 est
911 2409 1031 2484 iudicio
1046 2408 1236 2511 sapientium
1253 2419 1403 2512 principit
1417 2439 1520 2513 opus,
1543 2422 1676 2490 amicot·
1723 2484 1727 2490 .

625 2521 741 2617 p'arare'.
781 2517 843 2590 -nb
857 2519 923 2588 hnc
943 2519 1041 2614 igitur
1056 2513 1150 2590 fonte
1173 2524 1208 2590 ἀ
1229 2514 1306 2588 illud
1323 2521 1435 2614 ingena
1448 2523 1590 2590 manavit
1604 2519 1666 2591 ttu-

629 2617 713 2690 dium
731 2616 913 2702 efficiendi,
943 2635 979 2687 ut
1000 2615 1144 2692 studium
1163 2645 1204 2692 ex
1225 2619 1353 2692 hissoria
1370 2615 1424 2692 sua
1446 2645 1579 2706 ornnes,
1629 2626 1672 2695 ui·

625 2721 779 2822 legerent,
800 2748 909 2824 quam
920 2721 1119 2794 uberrimum
1137 2727 1345 2822 perciperent.
1372 2719 1447 2794 inde
1466 2725 1520 2797 illa
1538 2742 1587 2795 tot
1605 2649 1663 2796 do·

620 2845 784 2910 tumenta,
811 2845 861 2898 tot
883 2826 1025 2909 monita,
1052 2825 1166 2925 quibus
1190 2831 1254 2897 hoc
1275 2850 1377 2923 opus,
1408 2853 1467 2899 ceu
1488 2831 1665 2898 intertextis

616 2929 860 3028 germnit‘nitet.
896 2927 979 3024 Qir
991 2945 1098 2998 autem
1111 2935 1227 3000 erroris
1241 2924 1435 3026 dedignetur
1448 2933 1662 3014 monitorem,

637 3059 710 3106 uem
732 3035 847 3130 Scipio
871 3027 1058 3114 Africanus,
1086 3055 1183 3130 quent
1204 3033 1296 3104 multi
1319 3057 1409 3128 reges
1429 3057 1499 3104 non
1520 3030 1592 3103 sunt
1607 3028 1662 3103 de·

616 3061 734 3234 dignati
756 3131 970 3224 confiliorunr
991 3136 1180 3206 autlorem?
1205 3136 1397 3233 probitatem
1419 3159 1497 3206 vem
1523 3134 1661 3226 Polym,

614 3243 688 3312 redii
705 3236 897 3338 honestique
916 3260 1085 3321 eruorem,
1103 3241 1138 3309 d(
1159 3241 1226 3308 vitii
1240 3235 1377 3321 odium,
1399 3232 1587 3309 nemolatic
1598 3261 1660 3334 pro

614 3349 728 3414 merito
742 3345 887 3413 hominia
899 3333 1088 3410 laudaverit.
1138 3344 1205 3410 Vni
1219 3365 1324 3438 aequus
1337 3344 1464 3424 virtuti,
1484 3344 1553 3436 pari
1570 3357 1660 3409 tenu·

614 3473 644 3516 re
662 3469 765 3544 opere
785 3463 874 3528 toto,
897 3441 1048 3542 praeclara
1068 3436 1153 3514 fadla
1177 3443 1295 3541 ubique
1314 3441 1460 3526 extollit,
1484 3435 1582 3512 secius
1603 3436 1659 3511 ad·

613 3543 715 3632 milia,
736 3551 895 3645 gravitate
907 3543 1047 3645 quadam
1061 3541 1220 3629 censoria,
1246 3571 1312 3616 nou
1327 3564 1437 3642 arguta
1452 3541 1666 3616 declamatio.

612 3677 648 3724 nt
662 3649 704 3722 ad
719 3649 972 3722 ostentationem
990 3652 1129 3746 ingenii,
1146 3652 1293 3745 carpit&
1308 3645 1487 3719 detestatur.
1529 3643 1658 3732 Fidem,

612 3753 805 3838 candorem,
829 3755 1046 3850 integritatem
1073 3754 1108 3822 iu
1134 3750 1228 3823 dietis
1249 3747 1402 3850 fadlisque
1427 3748 1539 3848 passim
1563 3775 1656 3821 com·

610 3855 783 3940 mendant,
803 3861 859 3958 qui
879 3859 916 3924 iis
932 3874 1080 3936 utantur,
1098 3859 1184 3925 viros
1201 3854 1305 3924 bonos
1320 3859 1526 3952 pronuntiat3
1550 3847 1654 3926 versu-

609 3979 668 4045 tos,
690 3979 905 4042 retentores,
926 3953 1033 4030 vafros
1050 3954 1255 4030 &dolorum
1267 3959 1473 4043 architedlos‚
1493 3981 1654 4056 nusquam

608 4089 667 4134 non
689 4065 909 4136 abominatur.
970 4058 1133 4132 Malitiam
1154 4057 1307 4144 astutam,
1335 4086 1404 4161 quae
1423 4056 1491 4132 fere
1514 4059 1654 4159 politicis

608 4167 790 4238 hominibus
814 4157 987 4262 prudentia
1010 4160 1145 4247 dicitur,
1175 4181 1261 4236 tanta
1283 4158 1464 4249 severitate,
1492 4182 1541 4235 tot
1560 4162 1655 4246 locist

609 4289 665 4342 tarn
679 4266 764 4342 serio
780 4262 976 4347 insufflatur,
998 4260 1330 4363 κακοπραγμοσύνη
1345 4291 1418 4339 vera
1437 4265 1656 4366 appellatione

608 4373 800 4473 indigetem,
820 4388 858 4440 ut
873 4367 926 4438 vel
940 4391 980 4438 co
995 4365 1160 4439 dunnaxat
1170 4374 1306 4442 nomine
1321 4369 1488 4443 bonomm
1500 4374 1652 4442 omnium

607 4501 724 4565 anime,
743 4471 862 4550 lludio'
881 4497 922 4544 ac
941 4469 1079 4544 teutone
1098 4469 1244 4646 iugi‚bsrt
1266 4499 1347 4547 unus
1360 4478 1513 4548 omnium
1527 4468 1654 4544 histori-

1224 4599 1242 4665 3
1540 4599 1657 4648 conun
