4575 5592
730 706 757 775 1.
778 701 1020 779 narrare
1044 702 1192 798 aaran.
1216 701 1286 775 ro
1310 702 1418 778 tor.
1443 703 1553 774 sva
1625 724 1661 777 tt

613 886 717 963 modo
737 885 905 974 dicebam,
933 883 974 962 ad
997 913 1103 974 eum‚·
1116 889 1232 988 quibus
1251 893 1384 990 quiaque
1403 884 1524 989 pulset,
1549 886 1678 965 modia*

615 983 818 1078 ornandum,
838 987 931 1090 ligno
947 989 1033 1093 quasi
1046 986 1169 1064 sublato
1184 997 1417 1065 concurrerent.
1468 996 1521 1063 Ne
1534 998 1658 1090 primos

613 1095 684 1168 illos
701 1122 793 1169 nunc
814 1120 1072 1184 commemorem
1093 1094 1220 1188 Polybii
1241 1094 1378 1167 editores
1391 1116 1484 1196 atque
1507 1100 1658 1196 interpre·
1712 1148 1714 1152 -

613 1217 677 1282 tea,
703 1196 743 1272 de
763 1200 876 1301 quibua
898 1193 955 1270 suo
976 1195 1054 1270 loco
1077 1196 1177 1298 paulo
1200 1195 1272 1298 poll
1287 1197 1475 1297 ¹diligentius
1497 1194 1657 1285 disseram,

611 1327 701 1376 nnnc
717 1306 782 1382 hoa
801 1298 991 1373 novissimos
1013 1298 1243 1374 tantummodo
1262 1297 1590 1401 attingam‚''quorum
1607 1303 1658 1375 lu·

612 1406 816 1476 cubtationes
834 1408 888 1475 vix
909 1431 946 1475 ac
966 1430 1005 1475 ne
1025 1410 1079 1477 vix
1097 1400 1233 1505 quidem
1253 1404 1356 1476 oculis
1378 1399 1543 1503 usurpavi,
1561 1409 1600 1479 'dt
1616 1403 1658 1477 de

610 1508 727 1684 fluibus
748 1502 854 1579 fando
881 1503 1092 1579 solummodo
1118 1504 1270 1580 inaudivi.
1322 1510 1413 1606 Quos
1435 1512 1515 1579 inter
1536 1528 1657 1606 agmen

635 1614 703 1684 ueit
720 1608 906 1695 Follardus‚
927 1614 980 1709 qui
1003 1608 1132 1709 lignum
1154 1607 1239 1712 quali
1255 1612 1369 1683 extulit
1385 1605 1530 1682 insecutis
1546 1610 1657 1708 Anglia

610 1713 845 1814 Gennaniaque
860 1709 992 1797 nollris,
1015 1718 1069 1816 qui
1082 1714 1121 1784 ab
1136 1713 1191 1785 illo
1206 1707 1418 1806 Gallosranco,
1428 1717 1556 1797 tribuno
1571 1712 1656 1786 mili·
1705 1762 1707 1767 -

609 1834 682 1889 tum
703 1820 831 1888 excitati
855 1812 896 1888 de
916 1815 1053 1909 Polybio
1075 1816 1199 1914 anglice
1219 1822 1467 1916 gennaniceque
1483 1813 1655 1889 'reddendo

609 1923 757 2017 cogitare
777 1938 951 2018 coepemnu
1010 1922 1144 1990 Viennae
1167 1918 1334 1992 llullriacae
1353 1915 1442 1991 aiunt
1460 1926 1493 1992 ἁ
1514 1919 1655 1991 Berolini

610 2021 690 2095 duas
709 2018 829 2093 eodem
847 2033 995 2122 tempore
1014 2040 1134 2094 curatas
1150 2022 1274 2115 Polybii
1288 2027 1487 2121 germanicas
1504 2027 1656 2121 interpre·¹
1684 2071 1686 2076 s

609 2130 758 2206 tationes.
792 2126 913 2197 Neutra
927 2128 1015 2196 enim
1030 2121 1072 2196 ad
1086 2135 1202 2200 manus¹
1214 2125 1336 2198 nollraa
1350 2130 1503 2224 pervenit.
1529 2129 1656 2199 Poterat

608 2233 674 2302 hoc
688 2225 871 2300 nostrorum
887 2224 1024 2300 studium
1037 2220 1079 2299 ad
1094 2227 1229 2302 levitatis
1238 2224 1403 2330 quoddam
1417 2253 1518 2326 genus
1535 2225 1658 2316 refern’,

609 2326 700 2403 unde
713 2355 829 2431 parurn
843 2329 952 2428 gloria
965 2327 1005 2402 ad
1020 2330 1212 2425 Polybium,
1231 2359 1348 2431 parum
1361 2326 1483 2405 srudlus
1497 2328 1537 2402 ad
1554 2328 1656 2402 studia

608 2433 779 2507 literatum
795 2431 921 2530 rediret.
971 2436 1083 2507 Fervet
1097 2439 1186 2506 enim
1199 2439 1264 2508 hoc
1278 2432 1446 2542 seculum,
1467 2431 1657 2538 quod'nuno

609 2541 759 2635 agimus,
787 2532 1048 2609 conversionibus
1072 2540 1108 2609 in
1138 2535 1284 2636 linguam
1314 2535 1456 2611 nollram
1485 2540 1657 2610 auclorum

611 2659 715 2720 omne
737 2657 861 2738 genua,'
881 2659 1045 2736 veterum,
1067 2645 1265 2729 recentium,
1290 2635 1525 2725 francicorum,
1554 2639 1657 2740 anglia
1697 2711 1701 2716 .

611 2767 753 2828 torum,
769 2748 805 2816 dt
821 2746 998 2826 imitatione
1011 2740 1211 2836 studiorum,
1233 2749 1267 2816 in
1280 2744 1393 2844 quibua
1406 2746 1487 2819 ultra
1503 2746 1658 2818 Rhenum

609 2852 648 2920 dt
678 2843 765 2917 ultra
793 2848 961 2918 Oceanum
988 2843 1083 2944 positi
1110 2846 1223 2946 populi
1251 2841 1421 2922 versentur.
1479 2850 1658 2945 Coeperunt
1700 2845 1704 2863 “

609 2954 713 3021 etiam
733 2941 818 3020 haud
841 2956 882 3021 ita
902 2946 1028 3046 pridem
1050 2949 1147 3021 noslri
1168 2975 1291 3050 grecos
1309 2953 1454 3022 nudiores
1469 2953 1657 3048 germanice

612 3056 832 3152 interpretum
868 3076 935 3152 quo
961 3077 980 3123 e
1006 3076 1124 3142 conatu
1152 3076 1185 3124 ut
1204 3051 1244 3125 ad
1269 3054 1433 3126 literarum
1453 3049 1659 3151 splendorem

609 3159 787 3255 patriaeque
816 3152 913 3226 decus
940 3181 1037 3256 quam
1068 3154 1245 3254 plurimum
1272 3155 1557 3241 accedat‚'Deum
1586 3179 1658 3229 oro·

612 3253 792 3357 Auspicatis
806 3261 894 3329 enirn
909 3260 1012 3329 verbis
1025 3264 1083 3344 uti,
1099 3257 1285 3359 quam'diris
1300 3259 1476 3343 ominibm,
1492 3254 1584 3330 satius
1600 3254 1656 3330 ella

611 3362 711 3435 Dabo
731 3364 795 3432 hoc
813 3366 921 3460 patriae
941 3366 1077 3446 caritati,
1096 3381 1131 3433 ut
1151 3364 1230 3434 bene
1242 3359 1282 3434 de
1294 3359 1432 3435 fortunia
1447 3368 1513 3433 eius
1529 3366 1658 3432 ominer

611 3468 738 3563 magia,
762 3489 876 3563 quam,
902 3482 937 3536 ut
951 3462 1080 3535 inllituti
1095 3491 1149 3537 me
1163 3470 1318 3564 poenitere
1333 3472 1430 3548 aiam,
1451 3491 1519 3537 non
1532 3461 1657 3562 pelsrmi

612 3567 699 3639 illius
719 3561 871 3665 quidem,
898 3571 932 3638 in
952 3591 1016 3668 quo
1035 3586 1143 3641 tamen
1165 3567 1251 3640 haud
1272 3563 1492 3668 sapientissima
1504 3593 1564 3638 nos
1582 3592 1658 3638 con·
1687 3563 1689 3572 ’

612 3667 685 3742 iilia
704 3664 794 3769 sequi
811 3665 949 3743 videam.
1000 3668 1064 3766 Qi
1086 3697 1201 3770 parurn
1222 3667 1341 3744 soleam
1356 3672 1455 3744 aliena
1472 3695 1599 3753 curare,
1623 3674 1659 3741 dt

611 3798 679 3872 quo
694 3777 798 3870 magia
812 3783 900 3844 aetate
914 3771 1070 3872 literisque
1082 3773 1232 3872 proficio,
1247 3800 1288 3845 eo
1302 3781 1404 3873 magis
1419 3770 1557 3872 satagere
1573 3798 1659 3844 mea·

613 3901 688 3948 tum
716 3901 825 3946 rerum
855 3872 1015 3959 studeam,
1040 3872 1138 3948 riasuti
1161 3872 1298 3972 censoris
1320 3903 1458 3975 operum
1481 3878 1660 3949 alienorum

613 3974 785 4078 personam
801 3974 961 4077 refugiam
977 3999 1071 4077 atque
1085 3976 1236 4064 detester,
1261 3977 1349 4079 quod
1367 3975 1421 4054 usu
1437 4007 1557 4063 terum,
1573 3972 1661 4076 ,saepe

614 4086 699 4155 milri
721 4082 914 4179 peracerbo,
937 4078 1125 4168 didicerim,
1149 4086 1182 4153 in
1203 4080 1376 4155 iudicando
1396 4080 1547 4185 sapenos
1561 4101 1660 4151 teme·

615 4191 706 4258 ritate
724 4183 788 4257 labi
795 4237 807 4269 ‚
827 4190 862 4257 ἃ
880 4182 978 4255 rioslri
1002 4181 1163 4256 iudicandi
1182 4184 1324 4257 libertate
1339 4187 1416 4258 alios
1431 4182 1553 4259 offendi
1571 4190 1604 4259 ὅ(
1619 4179 1660 4255 ad
1694 4193 1698 4202 '

615 4283 882 4360 recalcitrandum
910 4291 1041 4371 irritati,
1070 4286 1136 4359 vidi
1163 4307 1270 4359 tamen
1296 4294 1414 4362 hocin
1443 4303 1561 4387 genere
1581 4292 1662 4359 eiua·

616 4388 706 4464 modi
727 4387 894 4491 quaedam,
914 4415 983 4489 quae
1007 4384 1083 4474 suoa
1105 4392 1250 4462 audiores
1273 4404 1314 4464 ne
1330 4388 1663 4493 germanicequidetn

615 4489 699 4586 satia,
722 4489 849 4568 nedum
868 4499 974 4593 grace
994 4491 1110 4565 callere
1128 4491 1322 4669 telladrmtur.
1376 4500 1423 4568 Vt
1443 4499 1599 4597 coeperinr
1620 4489 1662 4564 de

704 4617 709 4628 '
1044 4625 1049 4632 ·
1247 4622 1267 4672 2
1587 4615 1661 4669 toro
