4575 5592
520 734 526 746 ,
642 593 758 719 uni
816 609 1505 720 mersnvnomrnnrnmo

643 830 712 933 q'ue·
723 836 817 906 etiarn
835 830 992 929 Polybius
1009 835 1096 905 dicit.
1150 825 1271 903 Pudeat
1291 857 1470 918 nomem,
1491 836 1546 932 qui
1564 836 1690 903 crimen

645 931 729 1008 adeo
740 952 857 1006 tetrum
876 954 943 1006 tam
958 934 1047 1005 bono
1059 930 1203 1032 scriptori
1218 932 1283 1007 auli
1298 928 1369 1007 sunt
1387 940 1578 1034 impingere.
1629 939 1691 1007 Pu·

647 1034 720 1112 dent
740 1036 833 1108 illum
851 1037 1038 1135 politicum,
1050 1042 1117 1139 qui
1135 1034 1245 1109 audire
1264 1036 1448 1110 christianus
1467 1064 1568 1136 quum
1582 1038 1691 1123 vellet,

552 1181 555 1192 ·
646 1137 690 1213 de
706 1136 816 1212 caussis
833 1136 1100 1224 conversionum,
1118 1164 1188 1238 quae
1203 1145 1345 1239 imperiis
1361 1138 1527 1225 accidunt,
1552 1160 1620 1213 tam
1642 1140 1690 1211 inss

645 1241 838 1317 feliciter&
863 1237 995 1314 absurde
1015 1247 1258 1340 pronuntiavit,
1285 1239 1326 1315 ad
1355 1257 1510 1318 numeros
1533 1242 1692 1317 ledlorem

612 1403 615 1407 -
645 1342 741 1419 suum
765 1372 937 1430 revocans,
969 1370 1067 1443 quam
1091 1342 1188 1418 dodle
1214 1353 1249 1419 de
1272 1352 1411 1443 grauiter
1434 1346 1584 1438 Polybius
1602 1344 1690 1417 libro

646 1444 754 1545 sexto3
784 1475 859 1521 cum
875 1444 1025 1520 futuram
1036 1451 1116 1522 olim
1129 1454 1342 1521 mutationem
1357 1455 1390 1524 io
1406 1452 1556 1521 Romana
1568 1448 1691 1547 republ.

648 1557 738 1625 cuiue
763 1548 1017 1625 florentissimam
1036 1572 1116 1633 tunc.
1130 1578 1209 1624 cum
1228 1557 1370 1624 maxime
1383 1573 1508 1624 aetatem
1523 1547 1588 1649 ipse
1602 1548 1690 1623 vide·

648 1656 720 1739 bet,
745 1675 876 1728 centum
898 1650 965 1726 fere
986 1660 1197 1754 mummius,
1226 1681 1322 1756 quem
1344 1660 1503 1738 eveniret,
1530 1652 1690 1727 ueriffime

647 1753 804 1858 predixit.
854 1755 929 1829 Post
950 1761 1004 1828 tot¹
1022 1777 1185 1855 tantaeque
1203 1765 1237 1831 dr
1256 1784 1309 1832 eae
1325 1757 1408 1829 adeo
1427 1756 1564 1855 infignes
1578 1783 1691 1832 rerum

647 1866 794 1945 uirtutes,
817 1855 1005 1933 facultatem
1025 1858 1153 1933 dicendi
1172 1865 1206 1932 in
1228 1864 1357 1934 audiore
1377 1882 1442 1933 tom
1457 1859 1558 1932 nobili
1577 1858 1690 1933 lauda·

648 1982 720 2035 tum
734 1969 800 2047 ire,
820 1989 891 2062 pare
902 1959 999 2035 fuerit
1015 1968 1148 2037 inuria.
1174 1969 1206 2035 in
1219 1989 1284 2063 quo
1296 1964 1382 2036 nulla
1397 1991 1498 2063 quum
1515 1961 1688 2063 eloquendi

647 2072 747 2138 virtus
767 2089 876 2139 rerum
895 2061 1038 2165 scriptori
1059 2060 1228 2142 neeess‘aria
1248 2064 1458 2151 defideretun
1489 2071 1554 2139 hoc
1572 2064 1689 2139 funda·

648 2189 798 2243 mentum
821 2171 1001 2269 ingentibus
1018 2169 1101 2254 llis,
1119 2196 1195 2270 quar
1208 2166 1421 2255 ostendimus,
1443 2166 1689 2269 superstrudlum

562 2286 568 2301 ’
648 2273 792 2347 molibus
811 2271 859 2345 sre
874 2276 1039 2358 obruitur,
1059 2279 1113 2344 vix
1136 2292 1172 2346 ut
1185 2293 1348 2374 apparent.
1404 2277 1485 2348 Non
1504 2270 1609 2355 deest,
1632 2266 1690 2344 sed·

648 2401 718 2452 non
736 2378 856 2449 eminet
875 2381 908 2448 in
935 2376 1070 2467 Polybio
1093 2374 1254 2450 fecundia.
1287 2374 1368 2451 nillil
1389 2402 1466 2449 uero
1484 2375 1530 2449 est
1548 2380 1689 2474 iniquius

648 2477 728 2564 illis,
748 2483 801 2578 qui
814 2479 935 2552 nullam
949 2498 1062 2578 putant
1076 2477 1138 2551 elle
1152 2479 1387 2579 eloquentum,
1406 2476 1466 2552 nili
1484 2481 1538 2551 ubi
1551 2478 1630 2552 nihil
1643 2476 1689 2550 est

648 2600 763 2682 preter
782 2582 1019 2681 eloquentiam·
1058 2585 1191 2679 Semper
1210 2587 1457 2681 mihiapprime
1476 2583 1596 2680 placuit
1608 2583 1690 2653 Dio·

648 2680 722 2757 dori
739 2685 835 2756 Siculi
963 2690 1029 2768 tia,
1049 2688 1273 2760 uehementior
1288 2690 1323 2756 iu
1338 2682 1488 2756 historico
1499 2684 1690 2782 eloquentiae

647 2785 790 2861 ssudium
806 2793 828 2860 -i
926 2789 1037 2874 brutis.
1088 2788 1273 2860 Verborum
1295 2792 1384 2860 enim
1405 2811 1515 2860 euram
1539 2791 1688 2869 nimiam,

644 2911 757 2964 'rerum
774 2886 842 2963 lere
857 2917 918 2990 per
936 2886 1074 2992 sequitur·
1091 2893 1242 2964 incuria:
1270 2887 1502 2962 Ora'tr'ouultus
1516 2892 1617 2960 animi
1628 2887 1685 2959 est.

649 3013 686 3067 ut
698 2997 752 3066 hie
764 2989 859 3066 fuerit
870 2999 977 3092 gravis
988 3012 1044 3066 aut
1055 2987 1203 3078 solumm-
1214 2998 1255 3066 itu
1266 2997 1364 3066 etiam
1379 2991 1432 3063 illa
1447 2992 1497 3066 uel
1508 2985 1614 3064 severa
1626 2996 1686 3064 erit

648 3095 700 3169 uel
721 3096 836 3171 mollis.
894 3097 1023 3189 Polybii
1045 3100 1212 3194 ingenium
1234 3091 1506 3170 verboiumcauit
1526 3094 1687 3166 excellens

647 3201 763 3273 audior
789 3200 921 3285 Strabo,
949 3191 1052 3301 quum
1078 3199 1172 3272 illum
1197 3197 1366 3298 appellauit
1388 3189 1444 3273 riv
1466 3188 1557 3276 deor
1578 3202 1687 3275 ionu-

648 3293 813 3395 derorelvov.
831 3292 962 3399 dedeo,
985 3308 1089 3374 virum
1111 3298 1194 3374 adeo
1216 3297 1359 3386 ser·imu,;
1374 3307 1408 3373 dt
1423 3301 1518 3374 rebus
1535 3295 1619 3371 leriie
1632 3296 1688 3371 de·

602 3490 605 3501 Ι
647 3402 765 3478 ditum.
792 3432 869 3478 nam
891 3408 955 3478 hoc
976 3406 1078 3478 uoluit
1095 3406 1219 3479 Strabo.
1249 3431 1321 3478 non
1337 3401 1524 3477 dubitabunt
1539 3409 1630 3501 periti
1645 3399 1687 3474 de

599 3560 606 3578 .
648 3504 839 3583 reditudine
858 3512 951 3581 huius
973 3505 1079 3582 iudicii
1098 3517 1134 3582 de
1153 3510 1252 3605 elogii
1274 3512 1420 3592 veritate,
1443 3511 1497 3607 qui
1517 3504 1687 3605 diligenter

591 3603 603 3624 ⁵
645 3611 865 3711 expenderint
885 3607 1047 3684 inellsane
1062 3616 1094 3682 in
1111 3616 1205 3684 huius
1218 3607 1340 3711 scriptis
1353 3631 1459 3709 gratus
1472 3607 1605 3709 quidam
1618 3607 1686 3681 sme

646 3715 715 3790 ullo
734 3710 813 3788 fuco
835 3719 971 3788 veritatis
991 3714 1099 3797 color,
1126 3721 1161 3788 ἃ
1176 3712 1263 3814 quod
1280 3719 1384 3787 Graeci
1406 3717 1507 3812 critici
1524 3712 1686 3813 appellant

647 3810 690 3895 ei
713 3819 913 3917 ἔμπρακτον
933 3812 991 3907 imi
1010 3814 1052 3893 ri
1071 3817 1239 3903 ἐναληθὲν
1257 3816 1322 3891 τῶν
1344 3816 1473 3892 ἐννοῶν.
1523 3814 1685 3916 Equidem

582 3961 598 4010 y
645 3918 769 3993 rideam
789 3947 831 3994 an
852 3916 1000 4019 indigner
1018 3914 1143 4005 neseio,
1161 3926 1288 4022 'quoties
1301 3916 1387 4019 apud
1401 3921 1543 3992 Dionem
1556 3914 1685 3991 Pharsa-

601 4031 604 4037 '
645 4023 714 4097 licre
737 4024 791 4097 vel
811 4022 991 4123 Philippicae
1011 4043 1064 4095 aut
1086 4022 1240 4095 fimilium
1260 4018 1685 4121 pugnarurmdescriptiones

644 4125 740 4226 leg03
764 4117 932 4227 inquibus
952 4126 1139 4226 eloquentie
1158 4126 1355 4226 plurimum,
1381 4125 1499 4197 bellice
1519 4151 1597 4198 uero
1609 4129 1686 4197 artie

643 4235 680 4303 de
692 4231 812 4303 tadlieae
832 4233 978 4329 peritiam
993 4231 1118 4302 nullam
1130 4235 1254 4327 penitus
1268 4226 1507 4301 animadverto:
1533 4248 1569 4301 ut
1582 4230 1622 4302 de
1636 4232 1684 4298 hi-

642 4330 765 4406 llo'rieie
778 4332 847 4405 aliie
860 4332 943 4405 nihil
955 4358 1042 4406 nune
1052 4331 1176 4417 dicam,
1191 4355 1232 4402 ne
1248 4334 1352 4422 Dioni
1360 4329 1492 4431 quidem
1506 4331 1571 4403 ullo
1586 4333 1684 4431 podio

581 4444 606 4463 “’
640 4433 877 4539 eornpmndir.
927 4438 1027 4509 Dareo
1045 4433 1160 4512 eadem
1178 4435 1285 4536 prelia
1306 4434 1444 4529 Polybio
1466 4430 1682 4509 deseribeudn
