4575 5592
604 603 695 695 xt'vt
784 583 844 693 rs
865 558 1169 698 crsnru'ottr
1192 569 1473 697 rtnrtrro

601 803 773 908 propalam
792 804 933 905 volgare.
982 809 1072 882 Nam
1091 804 1170 907 quid
1183 804 1302 894 limile,
1327 804 1407 911 quid
1422 806 1484 883 ulla
1497 813 1539 881 e'x
1556 830 1648 908 parte

560 934 562 938 ’
601 906 880 1010 comparandum?
903 934 971 983 non
991 916 1063 983 ism·
1078 905 1245 1009 scriptores
1262 907 1346 1010 ipl'os
1367 920 1450 986 inter
1468 907 1500 983 se
1514 932 1647 983 conten·

603 1010 670 1103 du,
696 1039 836 1113 quorum
857 1008 937 1086 alter
958 1008 1174 1113 philosophus
1192 1011 1324 1114 iulignis
1341 1012 1422 1103 fuit,
1443 1016 1536 1088 rebus
1551 1012 1647 1112 gellis

602 1123 653 1189 vir
671 1114 874 1201 clariffitnus,
893 1114 988 1201 ulter,
1007 1137 1043 1189 ut
1063 1120 1248 1198 Romanus,
1273 1120 1314 1190 sb
1332 1112 1647 1219 omni-philosophia

601 1218 740 1304 alienus,
765 1216 850 1291 nulls
864 1243 898 1290 re
909 1218 1040 1317 publice
1054 1245 1207 1320 umquam
1221 1218 1308 1318 gella
1321 1220 1503 1295 admodum
1513 1242 1647 1291 memo·

601 1322 726 1409 rabilis,
747 1316 802 1393 sed
817 1318 858 1393 de
873 1328 1004 1395 materia
1019 1324 1191 1403 amborum
1210 1330 1343 1422 loquor,
1363 1351 1461 1426 quam
1481 1318 1647 1395 nemo—sa·

601 1453 651 1498 nae
670 1429 787 1499 meotis
804 1428 858 1497 liic
875 1430 1033 1524 praecipue
1053 1421 1258 1524 spectandam
1272 1434 1445 1525 negaverit.
1496 1430 1646 1498 Vt'enirn

602 1524 787 1613 Therlltes,
808 1552 907 1627 quem
919 1528 1046 1628 Apelles
1061 1549 1115 1602 aut
1128 1532 1323 1627 Protogenes
1340 1533 1495 1629 pinxerit,
1517 1553 1586 1601 non
1602 1551 1645 1603 eo

603 1636 709 1718 minis
732 1628 779 1704 est
809 1635 926 1728 turpis,
957 1636 1031 1731 quia
1061 1630 1244 1704 excellentis
1269 1632 1397 1707 artificis
1421 1632 1574 1734 penicillo
1599 1631 1648 1705 ell

603 1736 725 1835 pisitur
750 1736 954 1832 quiupotius
976 1754 1088 1828 cont}
1109 1759 1151 1807 eo
1172 1742 1275 1833 magis
1299 1733 1470 1838 conspicua
1491 1733 1535 1806 ell
1557 1734 1645 1807 illius

601 1834 802 1932 deformitas.
824 1860 891 1936 quo
912 1836 1108 1935 praestantior
1126 1834 1278 1939 est,·quae
1298 1838 1423 1912 effinxit
1443 1863 1575 1912 manus:
1600 1834 1650 1910 fic

603 1942 832 2039 improbomm
848 1933 973 2012 scelesta
993 1937 1139 2012 facinora
1157 1945 1235 2016 etim
1248 1969 1267 2013 a
1281 1938 1400 2018 disertis
1414 1947 1488 2014 siris
1501 1935 1573 2012 sunt
1588 1937 1645 2013 de·

601 2038 734 2141 scripta,
758 2068 827 2117 non
848 2044 956 2114 miuus
973 2039 1106 2142 quidem
1124 2038 1197 2116 sunt
1214 2042 1414 2131 detestanda,
1437 2041 1492 2118 sed
1508 2043 1647 2117 velutin

600 2131 737 2220 'editiore
762 2151 796 2217 &
822 2142 988 2218 illtillriore
1012 2145 1089 2219 loco
1116 2143 1237 2245 pofita,
1266 2156 1371 2248 magis
1393 2148 1476 2221 fiunt
1500 2145 1647 2245 infigoia.

551 2307 555 2317 .
604 2246 693 2351 Qid
713 2253 809 2348 igitur
823 2245 946 2321 limile?
969 2248 1085 2322 liorem
1102 2244 1207 2347 ipsum
1223 2254 1381 2324 Romanas
1393 2255 1534 2335 virtutis,
1554 2255 1590 2322 ἁ
1608 2268 1644 2322 ut

604 2349 789 2448 dicebamus
803 2347 904 2451 ipsam
918 2347 1031 2444 clepsit
1051 2348 1114 2434 riis
1127 2349 1243 2448 οἰκμῆς
1257 2359 1324 2427 eius
1338 2356 1472 2454 reipubl.
1482 2347 1644 2451 descriplit

603 2456 697 2551 nobis
712 2453 879 2548 Polybius:
903 2454 1063 2553 Regulos,
1087 2457 1253 2551 Scipiones
1270 2485 1346 2530 cum
1366 2455 1427 2531 luis
1443 2458 1564 2539 Laeliis,
1586 2458 1643 2527 Fa·

604 2559 675 2631 bios
695 2562 879 2645 Maximos,
906 2556 1101 2641 Marcellos,
1127 2559 1244 2632 Paulos
1261 2561 1429 2646 AEmilios,
1459 2558 1645 2643 Flaminius,

602 2659 769 2745 Metellos,
788 2663 974 2733 Mummios
987 2668 1022 2734 &
1036 2656 1157 2733 ssmiles
1170 2663 1219 2734 his
1232 2660 1429 2740 θεοακέλες
1441 2667 1570 2735 heroas:
1595 2685 1645 2756 res

603 2760 696 2856 llotui
716 2763 897 2863 militiaque
919 2762 1037 2862 gestas,
1059 2768 1230 2847 omniunt,
1248 2790 1317 2863 quae
1330 2763 1391 2836 ulla
1406 2773 1559 2865 unquam
1575 2786 1642 2833 me·

603 2872 708 2941 moria
721 2871 891 2940 hominum
904 2860 976 2939 sunt
986 2864 1100 2966 gellae,
1121 2872 1298 2939 mulinas:
1322 2872 1521 2966 provincias,
1541 2868 1642 2935 natio-

604 2968 1643 3174 315:stills‘llllllll‘llllllllll‘sslil:

604 3175 659 3277 pla
679 3171 774 3260 fidei,
795 3172 1009 3262 fortitudinis,
1031 3172 1188 3262 iustitias„
1199 3171 1360 3275 generosas
1381 3182 1415 3249 ἀ
1436 3176 1505 3249 altae
1527 3177 1644 3269 mentia

605 3275 688 3352 adeo
712 3284 720 3349 i
758 3283 864 3377 ignia,
884 3301 919 3351 ut
938 3306 1005 3379 pras
1025 3282 1148 3351 raritate
1168 3278 1256 3377 apud
1278 3278 1420 3378 posteros
1439 3276 1521 3352 fides
1540 3273 1649 3350 fatto

603 3408 679 3457 rom
694 3381 890 3455 laboraverit.
942 3381 1112 3454 Cornelius
1125 3381 1263 3456 Tacitus
1276 3384 1448 3469 Tiberios,
1471 3379 1644 3479 Caligulas,

606 3484 777 3569 Claudios,
799 3487 963 3571 Nerones,
984 3483 1151 3569 Vitellios,
1179 3512 1247 3558 non
1263 3491 1430 3580 nomines,
1452 3480 1513 3562 seo
1528 3489 1644 3586 huosa·

605 3616 655 3663 nae
679 3609 797 3661 natura
814 3585 991 3764 prodigia,
1014 3588 1107 3659 nobis
1127 3610 1255 3661 narrat:
1287 3588 1446 3689 populum
1468 3586 1643 3685 multiplici

605 3686 1546 3896 lss's‘llltllllllslltll‘llllsslllll?
1562 3690 1642 3880 ll}

605 3896 727 3971 saevitiae
749 3894 944 3971 dominantis
969 3896 1020 3969 vel
1040 3899 1172 3992 turpiter
1192 3891 1413 3984 inservientes,
1430 3897 1490 3980 ,vel
1514 3893 1643 3968 scelelle

605 3999 809 4100 adrepentes,
835 4000 913 4074 alios
929 4005 1026 4072 etiam
1045 3997 1176 4071 infimas
1193 3997 1366 4086 delationes
1385 4023 1585 4083 exercentes,
1607 4004 1642 4071 ἀ

556 4199 572 4234 ²
604 4123 729 4280 illl?
740 4125 1098 4304 {llllillllgli}
1116 4101 1642 4306 fflttfflsl‘ll‘iellif

604 4305 689 4381 vidia
708 4309 905 4407 &periculo
929 4306 1140 4382 redimentes:
1171 4307 1353 4407 postremo,
1377 4308 1418 4383 ad
1444 4334 1544 4381 unam
1570 4331 1641 4378 tem

602 4405 721 4501 sortes,
739 4419 882 4489 mortem
889 4410 949 4487 fibi
959 4404 1245 4498 consciscendam'
1277 4411 1366 4502 tren
1377 4408 1641 4587 suntTacitpdan·

1607 4536 1640 4587 ts
