<?xml version="1.0" encoding="UTF-8"?>
<!DOCTYPE html PUBLIC "-//W3C//DTD XHTML 1.0 Transitional//EN"
    "http://www.w3.org/TR/xhtml1/DTD/xhtml1-transitional.dtd">
<html xmlns="http://www.w3.org/1999/xhtml" xml:lang="en" lang="en">
 <head>
  <title>
</title>
<meta http-equiv="Content-Type" content="text/html;charset=utf-8" />
  <meta name='ocr-system' content='tesseract 3.04.00' />
  <meta name='ocr-capabilities' content='ocr_page ocr_carea ocr_par ocr_line ocrx_word'/>
</head>
<body>
  <div class='ocr_page' id='page_1' title='image "./polybiimegalopo03polygoog/polybiimegalopo03polygoog_0030.png"; bbox 0 0 4575 5592; ppageno 0'>
   <div class='ocr_carea' id='block_1_1' title="bbox 676 613 1612 726">
    <p class='ocr_par' dir='ltr' id='par_1_1' title="bbox 676 613 1612 726">
     <span class='ocr_line' id='line_1_1' title="bbox 676 613 1612 726; baseline 0 -3"><span class='ocrx_word' id='word_1_1' title='bbox 676 643 1501 726; x_wconf 75' lang='lat' dir='ltr'>nosvrnrorrmrrmrrourn.</span> <span class='ocrx_word' id='word_1_2' title='bbox 1561 613 1612 724; x_wconf 59' lang='grc' dir='ltr'>ω’</span> 
     </span>
    </p>
   </div>
   <div class='ocr_carea' id='block_1_2' title="bbox 562 837 1749 3834">
    <p class='ocr_par' dir='ltr' id='par_1_2' title="bbox 566 837 1749 2492">
     <span class='ocr_line' id='line_1_2' title="bbox 569 837 1616 940; baseline 0.001 -28"><span class='ocrx_word' id='word_1_3' title='bbox 569 843 673 912; x_wconf 80' lang='lat' dir='ltr'>ricem</span> <span class='ocrx_word' id='word_1_4' title='bbox 691 838 1001 940; x_wconf 78' lang='lat' dir='ltr'>colligere,-rerum</span> <span class='ocrx_word' id='word_1_5' title='bbox 1023 858 1078 912; x_wconf 78' lang='lat' dir='ltr'>eut</span> <span class='ocrx_word' id='word_1_6' title='bbox 1095 839 1270 912; x_wconf 87' lang='lat' dir='ltr'>verborum</span> <span class='ocrx_word' id='word_1_7' title='bbox 1287 837 1488 914; x_wconf 83' lang='lat' dir='ltr'>difficultates</span> <span class='ocrx_word' id='word_1_8' title='bbox 1507 837 1616 940; x_wconf 79' lang='lat' dir='ltr'>exple·</span> 
     </span>
     <span class='ocr_line' id='line_1_3' title="bbox 568 937 1616 1046; baseline -0.002 -28"><span class='ocrx_word' id='word_1_9' title='bbox 568 963 662 1027; x_wconf 68' lang='lat' dir='ltr'>ure,</span> <span class='ocrx_word' id='word_1_10' title='bbox 685 941 819 1015; x_wconf 77' lang='lat' dir='ltr'>intentes</span> <span class='ocrx_word' id='word_1_11' title='bbox 838 949 874 1016; x_wconf 90' lang='lat' dir='ltr'>in</span> <span class='ocrx_word' id='word_1_12' title='bbox 891 941 1005 1017; x_wconf 75' lang='lat' dir='ltr'>abdito</span> <span class='ocrx_word' id='word_1_13' title='bbox 1026 969 1104 1042; x_wconf 84' lang='lat' dir='ltr'>opes</span> <span class='ocrx_word' id='word_1_14' title='bbox 1121 937 1275 1029; x_wconf 81' lang='lat' dir='ltr'>reserare,</span> <span class='ocrx_word' id='word_1_15' title='bbox 1304 951 1338 1016; x_wconf 80' lang='grc' dir='ltr'>ὅ(</span> <span class='ocrx_word' id='word_1_16' title='bbox 1361 942 1450 1046; x_wconf 89' lang='lat' dir='ltr'>quod</span> <span class='ocrx_word' id='word_1_17' title='bbox 1470 949 1616 1018; x_wconf 76' lang='lat' dir='ltr'>maxime</span> 
     </span>
     <span class='ocr_line' id='line_1_4' title="bbox 568 1041 1617 1147; baseline 0 -28"><span class='ocrx_word' id='word_1_18' title='bbox 568 1041 671 1120; x_wconf 77' lang='lat' dir='ltr'>fueret</span> <span class='ocrx_word' id='word_1_19' title='bbox 681 1043 888 1146; x_wconf 75' lang='lat' dir='ltr'>optandum,</span> <span class='ocrx_word' id='word_1_20' title='bbox 908 1051 1004 1120; x_wconf 71' lang='lat' dir='ltr'>huius</span> <span class='ocrx_word' id='word_1_21' title='bbox 1020 1044 1156 1119; x_wconf 68' lang='lat' dir='ltr'>historia</span> <span class='ocrx_word' id='word_1_22' title='bbox 1172 1041 1267 1119; x_wconf 86' lang='lat' dir='ltr'>usum</span> <span class='ocrx_word' id='word_1_23' title='bbox 1284 1054 1318 1120; x_wconf 77' lang='lat' dir='ltr'>dc</span> <span class='ocrx_word' id='word_1_24' title='bbox 1333 1046 1544 1147; x_wconf 69' lang='lat' dir='ltr'>praestantiam</span> <span class='ocrx_word' id='word_1_25' title='bbox 1559 1044 1617 1119; x_wconf 83' lang='lat' dir='ltr'>de·</span> 
     </span>
     <span class='ocr_line' id='line_1_5' title="bbox 568 1147 1616 1237; baseline 0.001 -15"><span class='ocrx_word' id='word_1_26' title='bbox 568 1147 763 1235; x_wconf 81' lang='lat' dir='ltr'>monstrare,</span> <span class='ocrx_word' id='word_1_27' title='bbox 788 1173 891 1222; x_wconf 90' lang='lat' dir='ltr'>nemo</span> <span class='ocrx_word' id='word_1_28' title='bbox 910 1147 990 1222; x_wconf 92' lang='lat' dir='ltr'>dum</span> <span class='ocrx_word' id='word_1_29' title='bbox 1008 1147 1209 1224; x_wconf 83' lang='lat' dir='ltr'>eruditorum</span> <span class='ocrx_word' id='word_1_30' title='bbox 1228 1149 1411 1223; x_wconf 81' lang='lat' dir='ltr'>instituerat.</span> <span class='ocrx_word' id='word_1_31' title='bbox 1463 1148 1616 1237; x_wconf 84' lang='lat' dir='ltr'>Cedreni,</span> 
     </span>
     <span class='ocr_line' id='line_1_6' title="bbox 569 1248 1617 1347; baseline -0.001 -21"><span class='ocrx_word' id='word_1_32' title='bbox 569 1253 723 1337; x_wconf 69' lang='lat' dir='ltr'>zonam,</span> <span class='ocrx_word' id='word_1_33' title='bbox 741 1252 1070 1347; x_wconf 59' lang='lat' dir='ltr'>simonen-Olym,</span> <span class='ocrx_word' id='word_1_34' title='bbox 1093 1248 1248 1326; x_wconf 81' lang='lat' dir='ltr'>Maneffae</span> <span class='ocrx_word' id='word_1_35' title='bbox 1268 1261 1302 1328; x_wconf 78' lang='grc' dir='ltr'><strong>ἁ</strong></span> <span class='ocrx_word' id='word_1_36' title='bbox 1326 1255 1379 1326; x_wconf 82' lang='lat' dir='ltr'>alii</span> <span class='ocrx_word' id='word_1_37' title='bbox 1402 1259 1470 1328; x_wconf 80' lang='lat' dir='ltr'>eius</span> <span class='ocrx_word' id='word_1_38' title='bbox 1493 1250 1617 1341; x_wconf 77' lang='lat' dir='ltr'>farinae,</span> 
     </span>
     <span class='ocr_line' id='line_1_7' title="bbox 566 1353 1617 1457; baseline 0 -29"><span class='ocrx_word' id='word_1_39' title='bbox 566 1353 630 1428; x_wconf 80' lang='lat' dir='ltr'>{ive</span> <span class='ocrx_word' id='word_1_40' title='bbox 650 1359 778 1441; x_wconf 77' lang='lat' dir='ltr'>Greci,</span> <span class='ocrx_word' id='word_1_41' title='bbox 797 1353 865 1428; x_wconf 79' lang='lat' dir='ltr'>five</span> <span class='ocrx_word' id='word_1_42' title='bbox 881 1360 986 1428; x_wconf 68' lang='lat' dir='ltr'>utini</span> <span class='ocrx_word' id='word_1_43' title='bbox 1004 1379 1101 1457; x_wconf 76' lang='lat' dir='ltr'>quom</span> <span class='ocrx_word' id='word_1_44' title='bbox 1121 1356 1271 1455; x_wconf 83' lang='lat' dir='ltr'><strong>plurimi,</strong></span> <span class='ocrx_word' id='word_1_45' title='bbox 1291 1358 1445 1456; x_wconf 83' lang='lat' dir='ltr'>iegitimae</span> <span class='ocrx_word' id='word_1_46' title='bbox 1466 1359 1617 1443; x_wconf 73' lang='lat' dir='ltr'>historin,</span> 
     </span>
     <span class='ocr_line' id='line_1_8' title="bbox 567 1456 1616 1548; baseline 0 -16"><span class='ocrx_word' id='word_1_47' title='bbox 567 1456 728 1532; x_wconf 80' lang='lat' dir='ltr'>fivemm</span> <span class='ocrx_word' id='word_1_48' title='bbox 749 1485 917 1545; x_wconf 73' lang='lat' dir='ltr'>unumne,</span> <span class='ocrx_word' id='word_1_49' title='bbox 937 1456 1238 1548; x_wconf 77' lang='lat' dir='ltr'>dehonestamenta,</span> <span class='ocrx_word' id='word_1_50' title='bbox 1258 1457 1332 1533; x_wconf 86' lang='lat' dir='ltr'>suos</span> <span class='ocrx_word' id='word_1_51' title='bbox 1348 1459 1511 1534; x_wconf 79' lang='lat' dir='ltr'>affertores</span> <span class='ocrx_word' id='word_1_52' title='bbox 1529 1466 1616 1533; x_wconf 54' lang='lat' dir='ltr'>inve,</span> 
     </span>
     <span class='ocr_line' id='line_1_9' title="bbox 567 1549 1616 1664; baseline 0.001 -28"><span class='ocrx_word' id='word_1_53' title='bbox 567 1581 703 1652; x_wconf 82' lang='lat' dir='ltr'>ueruut3</span> <span class='ocrx_word' id='word_1_54' title='bbox 733 1549 904 1656; x_wconf 74' lang='lat' dir='ltr'>Polybiou,</span> <span class='ocrx_word' id='word_1_55' title='bbox 928 1558 990 1634; x_wconf 87' lang='lat' dir='ltr'>fito</span> <span class='ocrx_word' id='word_1_56' title='bbox 1015 1568 1051 1636; x_wconf 77' lang='grc' dir='ltr'>ἀ</span> <span class='ocrx_word' id='word_1_57' title='bbox 1074 1559 1234 1664; x_wconf 63' lang='grc' dir='ltr'>[(ῙιιιιΗοω1</span> <span class='ocrx_word' id='word_1_58' title='bbox 1257 1562 1394 1651; x_wconf 83' lang='lat' dir='ltr'>obiitus,</span> <span class='ocrx_word' id='word_1_59' title='bbox 1422 1564 1616 1656; x_wconf 68' lang='lat' dir='ltr'>intenebris</span> 
     </span>
     <span class='ocr_line' id='line_1_10' title="bbox 568 1661 1617 1769; baseline 0.003 -31"><span class='ocrx_word' id='word_1_60' title='bbox 568 1671 665 1754; x_wconf 80' lang='lat' dir='ltr'>ieoet3</span> <span class='ocrx_word' id='word_1_61' title='bbox 697 1668 811 1737; x_wconf 78' lang='lat' dir='ltr'>Grece</span> <span class='ocrx_word' id='word_1_62' title='bbox 830 1661 1040 1740; x_wconf 71' lang='lat' dir='ltr'>nescientibus</span> <span class='ocrx_word' id='word_1_63' title='bbox 1052 1686 1149 1766; x_wconf 81' lang='lat' dir='ltr'>perte</span> <span class='ocrx_word' id='word_1_64' title='bbox 1167 1669 1269 1769; x_wconf 83' lang='lat' dir='ltr'>aliqua</span> <span class='ocrx_word' id='word_1_65' title='bbox 1294 1687 1419 1740; x_wconf 78' lang='lat' dir='ltr'>tannim</span> <span class='ocrx_word' id='word_1_66' title='bbox 1441 1664 1487 1740; x_wconf 91' lang='lat' dir='ltr'>sui</span> <span class='ocrx_word' id='word_1_67' title='bbox 1507 1689 1617 1753; x_wconf 82' lang='lat' dir='ltr'>notus,</span> 
     </span>
     <span class='ocr_line' id='line_1_11' title="bbox 568 1766 1617 1873; baseline 0.004 -33"><span class='ocrx_word' id='word_1_68' title='bbox 568 1770 663 1870; x_wconf 75' lang='lat' dir='ltr'>idque</span> <span class='ocrx_word' id='word_1_69' title='bbox 680 1793 873 1869; x_wconf 79' lang='lat' dir='ltr'>perperem3</span> <span class='ocrx_word' id='word_1_70' title='bbox 899 1788 989 1870; x_wconf 80' lang='lat' dir='ltr'>perte</span> <span class='ocrx_word' id='word_1_71' title='bbox 1010 1773 1091 1855; x_wconf 80' lang='lat' dir='ltr'>aliu,</span> <span class='ocrx_word' id='word_1_72' title='bbox 1112 1797 1155 1842; x_wconf 92' lang='lat' dir='ltr'>ne</span> <span class='ocrx_word' id='word_1_73' title='bbox 1175 1766 1221 1844; x_wconf 83' lang='lat' dir='ltr'>fic</span> <span class='ocrx_word' id='word_1_74' title='bbox 1241 1770 1385 1872; x_wconf 90' lang='lat' dir='ltr'>quidem.</span> <span class='ocrx_word' id='word_1_75' title='bbox 1406 1771 1466 1856; x_wconf 78' lang='lat' dir='ltr'>¹ille</span> <span class='ocrx_word' id='word_1_76' title='bbox 1481 1776 1617 1873; x_wconf 77' lang='lat' dir='ltr'>inquam</span> 
     </span>
     <span class='ocr_line' id='line_1_12' title="bbox 568 1867 1653 1974; baseline 0.002 -28"><span class='ocrx_word' id='word_1_77' title='bbox 568 1873 734 1965; x_wconf 76' lang='lat' dir='ltr'><strong>Polybius,</strong></span> <span class='ocrx_word' id='word_1_78' title='bbox 749 1879 843 1944; x_wconf 85' lang='lat' dir='ltr'>cuiue</span> <span class='ocrx_word' id='word_1_79' title='bbox 857 1878 892 1944; x_wconf 90' lang='lat' dir='ltr'>in</span> <span class='ocrx_word' id='word_1_80' title='bbox 905 1867 1111 1973; x_wconf 72' lang='lat' dir='ltr'>philosophia</span> <span class='ocrx_word' id='word_1_81' title='bbox 1126 1871 1320 1962; x_wconf 71' lang='lat' dir='ltr'>doctrinam,</span> <span class='ocrx_word' id='word_1_82' title='bbox 1336 1881 1370 1947; x_wconf 94' lang='lat' dir='ltr'>in</span> <span class='ocrx_word' id='word_1_83' title='bbox 1383 1877 1528 1948; x_wconf 72' lang='lat' dir='ltr'>erroribus</span> <span class='ocrx_word' id='word_1_84' title='bbox 1541 1900 1617 1974; x_wconf 92' lang='lat' dir='ltr'>pro·</span> <span class='ocrx_word' id='word_1_85' title='bbox 1651 1943 1653 1947; x_wconf 78' lang='grc'>,</span> 
     </span>
     <span class='ocr_line' id='line_1_13' title="bbox 569 1971 1619 2079; baseline 0 -29"><span class='ocrx_word' id='word_1_86' title='bbox 569 1977 711 2062; x_wconf 74' lang='lat' dir='ltr'>biotun,</span> <span class='ocrx_word' id='word_1_87' title='bbox 728 1979 767 2048; x_wconf 89' lang='lat' dir='ltr'>in</span> <span class='ocrx_word' id='word_1_88' title='bbox 780 1974 911 2050; x_wconf 80' lang='lat' dir='ltr'>historia</span> <span class='ocrx_word' id='word_1_89' title='bbox 926 1971 1141 2077; x_wconf 82' lang='lat' dir='ltr'>prudentium,</span> <span class='ocrx_word' id='word_1_90' title='bbox 1159 1979 1290 2070; x_wconf 83' lang='lat' dir='ltr'>Cicero,</span> <span class='ocrx_word' id='word_1_91' title='bbox 1307 1980 1433 2066; x_wconf 81' lang='lat' dir='ltr'>Strabo,</span> <span class='ocrx_word' id='word_1_92' title='bbox 1455 1976 1619 2079; x_wconf 77' lang='lat' dir='ltr'><strong>Iosephus,</strong></span> 
     </span>
     <span class='ocr_line' id='line_1_14' title="bbox 569 2075 1749 2182; baseline -0.001 -28"><span class='ocrx_word' id='word_1_93' title='bbox 569 2078 771 2165; x_wconf 72' lang='lat' dir='ltr'>Pionrcbut,</span> <span class='ocrx_word' id='word_1_94' title='bbox 799 2081 891 2154; x_wconf 73' lang='lat' dir='ltr'>oen</span> <span class='ocrx_word' id='word_1_95' title='bbox 909 2081 1015 2166; x_wconf 87' lang='lat' dir='ltr'>bone,</span> <span class='ocrx_word' id='word_1_96' title='bbox 1041 2084 1097 2181; x_wconf 85' lang='lat' dir='ltr'>qui</span> <span class='ocrx_word' id='word_1_97' title='bbox 1118 2085 1227 2181; x_wconf 79' lang='lat' dir='ltr'>quenti</span> <span class='ocrx_word' id='word_1_98' title='bbox 1251 2105 1292 2153; x_wconf 91' lang='lat' dir='ltr'>ue</span> <span class='ocrx_word' id='word_1_99' title='bbox 1310 2086 1385 2154; x_wconf 88' lang='lat' dir='ltr'>viri!</span> <span class='ocrx_word' id='word_1_100' title='bbox 1417 2087 1452 2155; x_wconf 79' lang='grc' dir='ltr'>ἀ</span> <span class='ocrx_word' id='word_1_101' title='bbox 1473 2089 1617 2182; x_wconf 77' lang='lat' dir='ltr'>optimus</span> <span class='ocrx_word' id='word_1_102' title='bbox 1746 2075 1749 2084; x_wconf 73' lang='grc'><strong>’</strong></span> 
     </span>
     <span class='ocr_line' id='line_1_15' title="bbox 570 2107 1619 2284; baseline 0.004 -30"><span class='ocrx_word' id='word_1_103' title='bbox 570 2187 703 2284; x_wconf 70' lang='lat' dir='ltr'>quinque</span> <span class='ocrx_word' id='word_1_104' title='bbox 723 2201 882 2254; x_wconf 85' lang='lat' dir='ltr'>veterum</span> <span class='ocrx_word' id='word_1_105' title='bbox 894 2178 1069 2256; x_wconf 75' lang='lat' dir='ltr'>dilaude&#39;nt.</span> <span class='ocrx_word' id='word_1_106' title='bbox 1100 2190 1192 2255; x_wconf 79' lang='lat' dir='ltr'>cuiue</span> <span class='ocrx_word' id='word_1_107' title='bbox 1210 2107 1311 2282; x_wconf 73' lang='lat' dir='ltr'>fidem</span> <span class='ocrx_word' id='word_1_108' title='bbox 1331 2185 1380 2256; x_wconf 94' lang='lat' dir='ltr'>T.</span> <span class='ocrx_word' id='word_1_109' title='bbox 1401 2187 1531 2271; x_wconf 87' lang='lat' dir='ltr'>Livius,</span> <span class='ocrx_word' id='word_1_110' title='bbox 1560 2183 1619 2258; x_wconf 79' lang='lat' dir='ltr'>&#39;die</span> 
     </span>
     <span class='ocr_line' id='line_1_16' title="bbox 570 2283 1620 2388; baseline 0 -27"><span class='ocrx_word' id='word_1_111' title='bbox 570 2289 730 2362; x_wconf 78' lang='lat' dir='ltr'>Romenae</span> <span class='ocrx_word' id='word_1_112' title='bbox 749 2285 852 2385; x_wconf 85' lang='lat' dir='ltr'>longe</span> <span class='ocrx_word' id='word_1_113' title='bbox 871 2292 1021 2386; x_wconf 80' lang='lat' dir='ltr'>princepe</span> <span class='ocrx_word' id='word_1_114' title='bbox 1037 2283 1193 2372; x_wconf 83' lang='lat' dir='ltr'>hisson‘ae,</span> <span class='ocrx_word' id='word_1_115' title='bbox 1209 2303 1376 2387; x_wconf 78' lang='lat' dir='ltr'>tantopere</span> <span class='ocrx_word' id='word_1_116' title='bbox 1395 2290 1561 2388; x_wconf 86' lang='lat' dir='ltr'>probavit,</span> <span class='ocrx_word' id='word_1_117' title='bbox 1580 2305 1620 2361; x_wconf 93' lang='lat' dir='ltr'>ut</span> 
     </span>
     <span class='ocr_line' id='line_1_17' title="bbox 572 2385 1619 2492; baseline 0.001 -29"><span class='ocrx_word' id='word_1_118' title='bbox 572 2414 648 2492; x_wconf 74' lang='lat' dir='ltr'>pne</span> <span class='ocrx_word' id='word_1_119' title='bbox 667 2385 712 2463; x_wconf 79' lang='lat' dir='ltr'>ed</span> <span class='ocrx_word' id='word_1_120' title='bbox 732 2389 874 2461; x_wconf 82' lang='lat' dir='ltr'>verbum</span> <span class='ocrx_word' id='word_1_121' title='bbox 890 2387 989 2462; x_wconf 81' lang='lat' dir='ltr'>iibroe</span> <span class='ocrx_word' id='word_1_122' title='bbox 1009 2388 1093 2460; x_wconf 82' lang='lat' dir='ltr'>illiue</span> <span class='ocrx_word' id='word_1_123' title='bbox 1109 2394 1260 2488; x_wconf 74' lang='lat' dir='ltr'>&#39;integros</span> <span class='ocrx_word' id='word_1_124' title='bbox 1280 2409 1433 2476; x_wconf 80' lang='lat' dir='ltr'>verteret,</span> <span class='ocrx_word' id='word_1_125' title='bbox 1463 2412 1559 2492; x_wconf 82' lang='lat' dir='ltr'>etque</span> <span class='ocrx_word' id='word_1_126' title='bbox 1580 2397 1619 2464; x_wconf 76' lang='lat' dir='ltr'>iio</span> 
     </span>
    </p>

    <p class='ocr_par' dir='ltr' id='par_1_3' title="bbox 650 2487 1620 2594">
     <span class='ocr_line' id='line_1_18' title="bbox 650 2487 1620 2594; baseline 0.004 -30"><span class='ocrx_word' id='word_1_127' title='bbox 650 2487 710 2566; x_wconf 75' lang='lat' dir='ltr'>iuis</span> <span class='ocrx_word' id='word_1_128' title='bbox 731 2510 895 2578; x_wconf 87' lang='lat' dir='ltr'>uteretur,</span> <span class='ocrx_word' id='word_1_129' title='bbox 920 2515 1018 2594; x_wconf 86' lang='lat' dir='ltr'>quem</span> <span class='ocrx_word' id='word_1_130' title='bbox 1036 2494 1087 2564; x_wconf 86' lang='lat' dir='ltr'>M.</span> <span class='ocrx_word' id='word_1_131' title='bbox 1107 2495 1243 2579; x_wconf 75' lang='lat' dir='ltr'>Brutus,</span> <span class='ocrx_word' id='word_1_132' title='bbox 1262 2488 1389 2567; x_wconf 75' lang='lat' dir='ltr'>severus</span> <span class='ocrx_word' id='word_1_133' title='bbox 1412 2495 1465 2568; x_wconf 84' lang='lat' dir='ltr'>ille</span> <span class='ocrx_word' id='word_1_134' title='bbox 1484 2521 1620 2570; x_wconf 88' lang='lat' dir='ltr'>morum</span> 
     </span>
    </p>

    <p class='ocr_par' dir='ltr' id='par_1_4' title="bbox 562 2590 1622 3834">
     <span class='ocr_line' id='line_1_19' title="bbox 626 2590 1618 2698; baseline 0.004 -31"><span class='ocrx_word' id='word_1_135' title='bbox 626 2599 634 2612; x_wconf 87' lang='lat'>&#39;</span> <span class='ocrx_word' id='word_1_136' title='bbox 764 2621 828 2698; x_wconf 89' lang='lat' dir='ltr'>que</span> <span class='ocrx_word' id='word_1_137' title='bbox 844 2590 974 2682; x_wconf 85' lang='lat' dir='ltr'>censor,</span> <span class='ocrx_word' id='word_1_138' title='bbox 996 2599 1110 2678; x_wconf 82' lang='lat' dir='ltr'>cuine</span> <span class='ocrx_word' id='word_1_139' title='bbox 1129 2592 1343 2698; x_wconf 87' lang='lat' dir='ltr'>ipsequidem</span> <span class='ocrx_word' id='word_1_140' title='bbox 1362 2601 1414 2670; x_wconf 89' lang='lat' dir='ltr'>M.</span> <span class='ocrx_word' id='word_1_141' title='bbox 1429 2597 1560 2671; x_wconf 84' lang='lat' dir='ltr'>Tullius</span> <span class='ocrx_word' id='word_1_142' title='bbox 1573 2594 1618 2671; x_wconf 81' lang='lat' dir='ltr'>su·</span> 
     </span>
     <span class='ocr_line' id='line_1_20' title="bbox 583 2695 1620 2802; baseline 0.003 -30"><span class='ocrx_word' id='word_1_143' title='bbox 583 2695 703 2786; x_wconf 74' lang='lat' dir='ltr'>tideeit,</span> <span class='ocrx_word' id='word_1_144' title='bbox 724 2695 812 2772; x_wconf 82' lang='lat' dir='ltr'>adeo</span> <span class='ocrx_word' id='word_1_145' title='bbox 825 2697 872 2770; x_wconf 84' lang='lat' dir='ltr'>est</span> <span class='ocrx_word' id='word_1_146' title='bbox 884 2696 1072 2784; x_wconf 72' lang='lat' dir='ltr'>admiratos,</span> <span class='ocrx_word' id='word_1_147' title='bbox 1089 2704 1210 2772; x_wconf 84' lang='lat' dir='ltr'>ut-eiue</span> <span class='ocrx_word' id='word_1_148' title='bbox 1222 2700 1357 2774; x_wconf 75' lang='lat' dir='ltr'>lediioni</span> <span class='ocrx_word' id='word_1_149' title='bbox 1371 2701 1620 2802; x_wconf 85' lang='lat' dir='ltr'>propemodum</span> 
     </span>
     <span class='ocr_line' id='line_1_21' title="bbox 574 2797 1621 2906; baseline 0 -30"><span class='ocrx_word' id='word_1_150' title='bbox 574 2807 815 2876; x_wconf 84' lang='lat' dir='ltr'>immoreretur:</span> <span class='ocrx_word' id='word_1_151' title='bbox 836 2797 958 2874; x_wconf 70' lang='lat' dir='ltr'>ultimis</span> <span class='ocrx_word' id='word_1_152' title='bbox 970 2821 1056 2874; x_wconf 83' lang='lat' dir='ltr'>cene</span> <span class='ocrx_word' id='word_1_153' title='bbox 1068 2797 1131 2875; x_wconf 77' lang='lat' dir='ltr'>suit</span> <span class='ocrx_word' id='word_1_154' title='bbox 1143 2806 1355 2905; x_wconf 81' lang='lat' dir='ltr'><strong>temporibus,</strong></span> <span class='ocrx_word' id='word_1_155' title='bbox 1366 2809 1467 2906; x_wconf 79' lang='lat' dir='ltr'>iisque</span> <span class='ocrx_word' id='word_1_156' title='bbox 1482 2801 1621 2879; x_wconf 71' lang='lat' dir='ltr'>afflictis·</span> 
     </span>
     <span class='ocr_line' id='line_1_22' title="bbox 571 2900 1621 3006; baseline -0.002 -26"><span class='ocrx_word' id='word_1_157' title='bbox 571 2904 656 2980; x_wconf 81' lang='lat' dir='ltr'>iimie</span> <span class='ocrx_word' id='word_1_158' title='bbox 669 2903 714 2978; x_wconf 79' lang='lat' dir='ltr'>ed</span> <span class='ocrx_word' id='word_1_159' title='bbox 727 2900 879 2978; x_wconf 72' lang='lat' dir='ltr'>solatium</span> <span class='ocrx_word' id='word_1_160' title='bbox 893 2902 1018 2978; x_wconf 83' lang='lat' dir='ltr'>doloris</span> <span class='ocrx_word' id='word_1_161' title='bbox 1028 2907 1146 3004; x_wconf 79' lang='lat' dir='ltr'>puriter</span> <span class='ocrx_word' id='word_1_162' title='bbox 1159 2912 1194 2979; x_wconf 72' lang='grc' dir='ltr'><strong>ἃ</strong></span> <span class='ocrx_word' id='word_1_163' title='bbox 1212 2907 1434 3006; x_wconf 80' lang='lat' dir='ltr'>magisterium</span> <span class='ocrx_word' id='word_1_164' title='bbox 1448 2914 1551 2995; x_wconf 82' lang='lat' dir='ltr'>vitae,</span> <span class='ocrx_word' id='word_1_165' title='bbox 1572 2914 1621 2982; x_wconf 87' lang='lat' dir='ltr'>hi·</span> 
     </span>
     <span class='ocr_line' id='line_1_23' title="bbox 570 3007 1621 3112; baseline 0 -30"><span class='ocrx_word' id='word_1_166' title='bbox 570 3007 707 3082; x_wconf 69' lang='lat' dir='ltr'>storiam·</span> <span class='ocrx_word' id='word_1_167' title='bbox 722 3008 808 3081; x_wconf 81' lang='lat' dir='ltr'>illiue</span> <span class='ocrx_word' id='word_1_168' title='bbox 827 3028 1013 3108; x_wconf 76' lang='lat' dir='ltr'>excerperet</span> <span class='ocrx_word' id='word_1_169' title='bbox 1031 3028 1126 3112; x_wconf 84' lang='lat' dir='ltr'>etque</span> <span class='ocrx_word' id='word_1_170' title='bbox 1144 3014 1177 3080; x_wconf 88' lang='lat' dir='ltr'>in</span> <span class='ocrx_word' id='word_1_171' title='bbox 1198 3010 1433 3112; x_wconf 85' lang='lat' dir='ltr'>compendium</span> <span class='ocrx_word' id='word_1_172' title='bbox 1450 3009 1621 3109; x_wconf 81' lang='lat' dir='ltr'>redigeret,</span> 
     </span>
     <span class='ocr_line' id='line_1_24' title="bbox 562 3109 1620 3216; baseline 0.001 -30"><span class='ocrx_word' id='word_1_173' title='bbox 562 3125 565 3130; x_wconf 89' lang='lat'>&#39;</span> <span class='ocrx_word' id='word_1_174' title='bbox 594 3140 671 3186; x_wconf 89' lang='lat' dir='ltr'>uem</span> <span class='ocrx_word' id='word_1_175' title='bbox 686 3109 828 3212; x_wconf 86' lang='lat' dir='ltr'>denique</span> <span class='ocrx_word' id='word_1_176' title='bbox 844 3111 1070 3185; x_wconf 77' lang='lat' dir='ltr'>Constantinus</span> <span class='ocrx_word' id='word_1_177' title='bbox 1086 3117 1279 3212; x_wconf 86' lang='lat' dir='ltr'>imperator,</span> <span class='ocrx_word' id='word_1_178' title='bbox 1304 3120 1450 3216; x_wconf 83' lang='lat' dir='ltr'>corporis</span> <span class='ocrx_word' id='word_1_179' title='bbox 1466 3115 1620 3204; x_wconf 84' lang='lat' dir='ltr'>historici,</span> 
     </span>
     <span class='ocr_line' id='line_1_25' title="bbox 572 3141 1620 3317; baseline 0.001 -27"><span class='ocrx_word' id='word_1_180' title='bbox 572 3141 701 3317; x_wconf 76' lang='lat' dir='ltr'>dequo</span> <span class='ocrx_word' id='word_1_181' title='bbox 722 3234 817 3288; x_wconf 80' lang='lat' dir='ltr'>entea</span> <span class='ocrx_word' id='word_1_182' title='bbox 845 3220 1046 3287; x_wconf 84' lang='lat' dir='ltr'>mentionem</span> <span class='ocrx_word' id='word_1_183' title='bbox 1066 3212 1223 3304; x_wconf 84' lang='lat' dir='ltr'>fecimus,</span> <span class='ocrx_word' id='word_1_184' title='bbox 1251 3220 1382 3306; x_wconf 67' lang='lat' dir='ltr'>audior,-</span> <span class='ocrx_word' id='word_1_185' title='bbox 1413 3213 1620 3306; x_wconf 79' lang='lat' dir='ltr'>senatoribus,</span> 
     </span>
     <span class='ocr_line' id='line_1_26' title="bbox 572 3317 1621 3422; baseline 0.002 -29"><span class='ocrx_word' id='word_1_186' title='bbox 572 3317 707 3393; x_wconf 83' lang='lat' dir='ltr'>ducibus</span> <span class='ocrx_word' id='word_1_187' title='bbox 727 3325 762 3391; x_wconf 78' lang='grc' dir='ltr'>ἀ</span> <span class='ocrx_word' id='word_1_188' title='bbox 781 3320 979 3418; x_wconf 74' lang='lat' dir='ltr'>pincipibus</span> <span class='ocrx_word' id='word_1_189' title='bbox 990 3339 1059 3392; x_wconf 80' lang='lat' dir='ltr'>tam</span> <span class='ocrx_word' id='word_1_190' title='bbox 1066 3318 1184 3392; x_wconf 83' lang='lat' dir='ltr'>utilem</span> <span class='ocrx_word' id='word_1_191' title='bbox 1196 3318 1366 3407; x_wconf 80' lang='lat' dir='ltr'>iudicavit,</span> <span class='ocrx_word' id='word_1_192' title='bbox 1383 3340 1424 3400; x_wconf 86' lang='lat' dir='ltr'>¹ut</span> <span class='ocrx_word' id='word_1_193' title='bbox 1438 3327 1493 3422; x_wconf 89' lang='lat' dir='ltr'>qui</span> <span class='ocrx_word' id='word_1_194' title='bbox 1508 3348 1527 3393; x_wconf 87' lang='lat' dir='ltr'>e</span> <span class='ocrx_word' id='word_1_195' title='bbox 1540 3325 1621 3395; x_wconf 82' lang='lat' dir='ltr'>Dio·</span> 
     </span>
     <span class='ocr_line' id='line_1_27' title="bbox 571 3419 1621 3523; baseline 0.002 -26"><span class='ocrx_word' id='word_1_196' title='bbox 571 3421 655 3497; x_wconf 91' lang='lat' dir='ltr'>doro</span> <span class='ocrx_word' id='word_1_197' title='bbox 683 3422 815 3508; x_wconf 81' lang='lat' dir='ltr'>Siculo,</span> <span class='ocrx_word' id='word_1_198' title='bbox 842 3419 1005 3516; x_wconf 81' lang='lat' dir='ltr'>Dionysio</span> <span class='ocrx_word' id='word_1_199' title='bbox 1035 3420 1292 3508; x_wconf 79' lang='lat' dir='ltr'>Halicarmffeo,</span> <span class='ocrx_word' id='word_1_200' title='bbox 1323 3421 1482 3523; x_wconf 84' lang='lat' dir='ltr'>iosepho,</span> <span class='ocrx_word' id='word_1_201' title='bbox 1511 3428 1621 3499; x_wconf 88' lang='lat' dir='ltr'>Dione</span> 
     </span>
     <span class='ocr_line' id='line_1_28' title="bbox 572 3524 1620 3626; baseline 0.001 -27"><span class='ocrx_word' id='word_1_202' title='bbox 572 3530 719 3599; x_wconf 84' lang='lat' dir='ltr'>Cocceio</span> <span class='ocrx_word' id='word_1_203' title='bbox 734 3531 770 3598; x_wconf 78' lang='grc' dir='ltr'>ἀ</span> <span class='ocrx_word' id='word_1_204' title='bbox 782 3527 855 3599; x_wconf 81' lang='lat' dir='ltr'>aliie</span> <span class='ocrx_word' id='word_1_205' title='bbox 867 3532 980 3626; x_wconf 79' lang='lat' dir='ltr'>primae</span> <span class='ocrx_word' id='word_1_206' title='bbox 993 3546 1079 3599; x_wconf 77' lang='lat' dir='ltr'>note</span> <span class='ocrx_word' id='word_1_207' title='bbox 1090 3525 1246 3599; x_wconf 79' lang='lat' dir='ltr'>historicis</span> <span class='ocrx_word' id='word_1_208' title='bbox 1260 3553 1360 3626; x_wconf 79' lang='lat' dir='ltr'>pauca</span> <span class='ocrx_word' id='word_1_209' title='bbox 1378 3526 1560 3600; x_wconf 87' lang='lat' dir='ltr'>admodum</span> <span class='ocrx_word' id='word_1_210' title='bbox 1574 3524 1620 3601; x_wconf 87' lang='lat' dir='ltr'>se·</span> 
     </span>
     <span class='ocr_line' id='line_1_29' title="bbox 571 3625 1621 3730; baseline 0.001 -25"><span class='ocrx_word' id='word_1_211' title='bbox 571 3631 703 3730; x_wconf 73' lang='lat' dir='ltr'>digeret,</span> <span class='ocrx_word' id='word_1_212' title='bbox 728 3656 800 3730; x_wconf 87' lang='lat' dir='ltr'>quae</span> <span class='ocrx_word' id='word_1_213' title='bbox 825 3636 859 3706; x_wconf 88' lang='lat' dir='ltr'>in</span> <span class='ocrx_word' id='word_1_214' title='bbox 886 3625 980 3702; x_wconf 83' lang='lat' dir='ltr'>sumn</span> <span class='ocrx_word' id='word_1_215' title='bbox 1005 3626 1186 3729; x_wconf 66' lang='lat' dir='ltr'>pandecten</span> <span class='ocrx_word' id='word_1_216' title='bbox 1212 3627 1411 3718; x_wconf 64' lang='lat' dir='ltr'>transferrem</span> <span class='ocrx_word' id='word_1_217' title='bbox 1445 3632 1621 3723; x_wconf 84' lang='lat' dir='ltr'>Polybium</span> 
     </span>
     <span class='ocr_line' id='line_1_30' title="bbox 572 3729 1622 3834; baseline -0.001 -28"><span class='ocrx_word' id='word_1_218' title='bbox 572 3758 676 3834; x_wconf 83' lang='lat' dir='ltr'>prope</span> <span class='ocrx_word' id='word_1_219' title='bbox 690 3751 799 3805; x_wconf 90' lang='lat' dir='ltr'>totum</span> <span class='ocrx_word' id='word_1_220' title='bbox 812 3729 1003 3806; x_wconf 84' lang='lat' dir='ltr'>describeret</span> <span class='ocrx_word' id='word_1_221' title='bbox 1015 3752 1109 3833; x_wconf 82' lang='lat' dir='ltr'>atque</span> <span class='ocrx_word' id='word_1_222' title='bbox 1125 3739 1215 3833; x_wconf 83' lang='lat' dir='ltr'>operi</span> <span class='ocrx_word' id='word_1_223' title='bbox 1229 3734 1273 3806; x_wconf 85' lang='lat' dir='ltr'>iiii</span> <span class='ocrx_word' id='word_1_224' title='bbox 1286 3729 1343 3805; x_wconf 90' lang='lat' dir='ltr'>suo</span> <span class='ocrx_word' id='word_1_225' title='bbox 1359 3731 1515 3807; x_wconf 87' lang='lat' dir='ltr'>insereret.</span> <span class='ocrx_word' id='word_1_226' title='bbox 1550 3741 1622 3808; x_wconf 89' lang='lat' dir='ltr'>Vti·</span> 
     </span>
    </p>
   </div>
   <div class='ocr_carea' id='block_1_3' title="bbox 573 3834 1621 4012">
    <p class='ocr_par' dir='ltr' id='par_1_5' title="bbox 573 3834 1621 4012">
     <span class='ocr_line' id='line_1_31' title="bbox 573 3834 1621 4012; baseline -0.001 -102"><span class='ocrx_word' id='word_1_227' title='bbox 573 3863 651 3910; x_wconf 79' lang='lat' dir='ltr'>uem</span> <span class='ocrx_word' id='word_1_228' title='bbox 661 3861 742 3908; x_wconf 88' lang='lat' dir='ltr'>vero</span> <span class='ocrx_word' id='word_1_229' title='bbox 758 3856 815 3908; x_wconf 82' lang='lat' dir='ltr'>aut</span> <span class='ocrx_word' id='word_1_230' title='bbox 827 3835 872 3908; x_wconf 83' lang='lat' dir='ltr'>iili</span> <span class='ocrx_word' id='word_1_231' title='bbox 889 3835 1036 3936; x_wconf 81' lang='lat' dir='ltr'>Augusto</span> <span class='ocrx_word' id='word_1_232' title='bbox 1049 3841 1119 3908; x_wconf 78' lang='lat' dir='ltr'>eius</span> <span class='ocrx_word' id='word_1_233' title='bbox 1129 3842 1247 3936; x_wconf 85' lang='lat' dir='ltr'>incepti</span> <span class='ocrx_word' id='word_1_234' title='bbox 1260 3864 1425 4012; x_wconf 56' lang='lat' dir='ltr'>nunpunm</span> <span class='ocrx_word' id='word_1_235' title='bbox 1442 3834 1573 3910; x_wconf 80' lang='lat' dir='ltr'>venisset</span> <span class='ocrx_word' id='word_1_236' title='bbox 1588 3845 1621 3909; x_wconf 91' lang='lat' dir='ltr'>in</span> 
     </span>
    </p>
   </div>
   <div class='ocr_carea' id='block_1_4' title="bbox 573 3936 1626 4642">
    <p class='ocr_par' dir='ltr' id='par_1_6' title="bbox 573 3936 1626 4562">
     <span class='ocr_line' id='line_1_32' title="bbox 573 3936 1620 4041; baseline -0.002 -27"><span class='ocrx_word' id='word_1_237' title='bbox 573 3961 738 4026; x_wconf 81' lang='lat' dir='ltr'>mentem3</span> <span class='ocrx_word' id='word_1_238' title='bbox 762 3965 804 4020; x_wconf 61' lang='lat' dir='ltr'>ea,</span> <span class='ocrx_word' id='word_1_239' title='bbox 813 3936 946 4041; x_wconf 89' lang='lat' dir='ltr'>quidem</span> <span class='ocrx_word' id='word_1_240' title='bbox 960 3941 1051 4037; x_wconf 85' lang='lat' dir='ltr'>iege,</span> <span class='ocrx_word' id='word_1_241' title='bbox 1070 3957 1105 4010; x_wconf 89' lang='lat' dir='ltr'>ut</span> <span class='ocrx_word' id='word_1_242' title='bbox 1117 3945 1244 4039; x_wconf 87' lang='lat' dir='ltr'>integro</span> <span class='ocrx_word' id='word_1_243' title='bbox 1257 3943 1323 4012; x_wconf 93' lang='lat' dir='ltr'>hoc</span> <span class='ocrx_word' id='word_1_244' title='bbox 1352 3947 1490 4041; x_wconf 84' lang='lat' dir='ltr'>criptore</span> <span class='ocrx_word' id='word_1_245' title='bbox 1502 3941 1620 4013; x_wconf 86' lang='lat' dir='ltr'>fruere·</span> 
     </span>
     <span class='ocr_line' id='line_1_33' title="bbox 573 4038 1622 4142; baseline 0.001 -26"><span class='ocrx_word' id='word_1_246' title='bbox 573 4072 663 4116; x_wconf 87' lang='lat' dir='ltr'>mur:</span> <span class='ocrx_word' id='word_1_247' title='bbox 687 4063 744 4114; x_wconf 80' lang='lat' dir='ltr'>aut</span> <span class='ocrx_word' id='word_1_248' title='bbox 755 4039 782 4114; x_wconf 86' lang='lat' dir='ltr'><strong>fi</strong></span> <span class='ocrx_word' id='word_1_249' title='bbox 795 4047 861 4114; x_wconf 86' lang='lat' dir='ltr'>hoc</span> <span class='ocrx_word' id='word_1_250' title='bbox 880 4044 973 4115; x_wconf 79' lang='lat' dir='ltr'>nobie</span> <span class='ocrx_word' id='word_1_251' title='bbox 985 4038 1165 4114; x_wconf 78' lang='lat' dir='ltr'>carendum</span> <span class='ocrx_word' id='word_1_252' title='bbox 1178 4065 1245 4116; x_wconf 78' lang='lat' dir='ltr'>eret</span> <span class='ocrx_word' id='word_1_253' title='bbox 1258 4046 1360 4129; x_wconf 89' lang='lat' dir='ltr'>bono,</span> <span class='ocrx_word' id='word_1_254' title='bbox 1382 4071 1500 4142; x_wconf 89' lang='lat' dir='ltr'>corpus</span> <span class='ocrx_word' id='word_1_255' title='bbox 1512 4040 1622 4117; x_wconf 80' lang='lat' dir='ltr'>saltem</span> 
     </span>
     <span class='ocr_line' id='line_1_34' title="bbox 574 4144 1622 4248; baseline -0.001 -28"><span class='ocrx_word' id='word_1_256' title='bbox 574 4150 613 4220; x_wconf 83' lang='lat' dir='ltr'>eb</span> <span class='ocrx_word' id='word_1_257' title='bbox 629 4147 684 4219; x_wconf 91' lang='lat' dir='ltr'>illo</span> <span class='ocrx_word' id='word_1_258' title='bbox 697 4144 922 4244; x_wconf 85' lang='lat' dir='ltr'>compositum</span> <span class='ocrx_word' id='word_1_259' title='bbox 937 4144 1034 4219; x_wconf 76' lang='lat' dir='ltr'>hodie</span> <span class='ocrx_word' id='word_1_260' title='bbox 1047 4145 1245 4218; x_wconf 80' lang='lat' dir='ltr'>haberemus.</span> <span class='ocrx_word' id='word_1_261' title='bbox 1294 4151 1466 4232; x_wconf 89' lang='lat' dir='ltr'>Sciremus,</span> <span class='ocrx_word' id='word_1_262' title='bbox 1485 4168 1622 4248; x_wconf 76' lang='lat' dir='ltr'>quantus</span> 
     </span>
     <span class='ocr_line' id='line_1_35' title="bbox 573 4246 1622 4350; baseline -0.003 -28"><span class='ocrx_word' id='word_1_263' title='bbox 573 4251 671 4322; x_wconf 69' lang='lat' dir='ltr'>ciuilis</span> <span class='ocrx_word' id='word_1_264' title='bbox 684 4247 889 4350; x_wconf 70' lang='lat' dir='ltr'>prudentie,</span> <span class='ocrx_word' id='word_1_265' title='bbox 907 4267 1040 4350; x_wconf 79' lang='lat' dir='ltr'>quantun</span> <span class='ocrx_word' id='word_1_266' title='bbox 1053 4246 1227 4348; x_wconf 74' lang='lat' dir='ltr'>disciplina:</span> <span class='ocrx_word' id='word_1_267' title='bbox 1241 4251 1388 4322; x_wconf 83' lang='lat' dir='ltr'>militaris</span> <span class='ocrx_word' id='word_1_268' title='bbox 1403 4249 1520 4324; x_wconf 66' lang='lat' dir='ltr'>dodior</span> <span class='ocrx_word' id='word_1_269' title='bbox 1532 4253 1622 4321; x_wconf 84' lang='lat' dir='ltr'>habi.</span> 
     </span>
     <span class='ocr_line' id='line_1_36' title="bbox 574 4348 1622 4454; baseline -0.004 -27"><span class='ocrx_word' id='word_1_270' title='bbox 574 4373 618 4427; x_wconf 80' lang='lat' dir='ltr'>tro</span> <span class='ocrx_word' id='word_1_271' title='bbox 637 4353 675 4426; x_wconf 85' lang='lat' dir='ltr'>sit</span> <span class='ocrx_word' id='word_1_272' title='bbox 692 4354 778 4427; x_wconf 88' lang='lat' dir='ltr'>olim</span> <span class='ocrx_word' id='word_1_273' title='bbox 802 4348 966 4442; x_wconf 79' lang='lat' dir='ltr'>Polybius.</span> <span class='ocrx_word' id='word_1_274' title='bbox 991 4379 1126 4451; x_wconf 81' lang='lat' dir='ltr'>quatum</span> <span class='ocrx_word' id='word_1_275' title='bbox 1148 4380 1258 4426; x_wconf 85' lang='lat' dir='ltr'>rerum</span> <span class='ocrx_word' id='word_1_276' title='bbox 1274 4351 1471 4425; x_wconf 85' lang='lat' dir='ltr'>documenta</span> <span class='ocrx_word' id='word_1_277' title='bbox 1489 4358 1622 4454; x_wconf 88' lang='lat' dir='ltr'>conqui·</span> 
     </span>
     <span class='ocr_line' id='line_1_37' title="bbox 575 4451 1626 4562; baseline -0.008 -28"><span class='ocrx_word' id='word_1_278' title='bbox 575 4464 649 4533; x_wconf 82' lang='lat' dir='ltr'>renti</span> <span class='ocrx_word' id='word_1_279' title='bbox 660 4456 810 4562; x_wconf 85' lang='lat' dir='ltr'>undique</span> <span class='ocrx_word' id='word_1_280' title='bbox 826 4452 1058 4543; x_wconf 81' lang='lat' dir='ltr'>Constantino,</span> <span class='ocrx_word' id='word_1_281' title='bbox 1082 4457 1177 4557; x_wconf 76' lang='lat' dir='ltr'>plures</span> <span class='ocrx_word' id='word_1_282' title='bbox 1189 4458 1296 4530; x_wconf 81' lang='lat' dir='ltr'>multo</span> <span class='ocrx_word' id='word_1_283' title='bbox 1308 4484 1391 4530; x_wconf 74' lang='lat' dir='ltr'>unus</span> <span class='ocrx_word' id='word_1_284' title='bbox 1405 4462 1459 4532; x_wconf 91' lang='lat' dir='ltr'>hic</span> <span class='ocrx_word' id='word_1_285' title='bbox 1474 4451 1626 4557; x_wconf 86' lang='lat' dir='ltr'>suppedi··</span> 
     </span>
    </p>

    <p class='ocr_par' dir='ltr' id='par_1_7' title="bbox 1535 4579 1624 4642">
     <span class='ocr_line' id='line_1_38' title="bbox 1535 4579 1624 4642; baseline 0 -12"><span class='ocrx_word' id='word_1_286' title='bbox 1535 4579 1624 4642; x_wconf 79' lang='lat' dir='ltr'>tant,</span> 
     </span>
    </p>
   </div>
   <div class='ocr_carea' id='block_1_5' title="bbox 0 0 2301 5592">
    <p class='ocr_par' dir='ltr' id='par_1_8' title="bbox 0 0 2301 5592">
     <span class='ocr_line' id='line_1_39' title="bbox 0 0 2301 5592; baseline 0 0"><span class='ocrx_word' id='word_1_287' title='bbox 0 0 2301 5592; x_wconf 95' lang='lat' dir='ltr'> </span> 
     </span>
    </p>
   </div>
  </div>
 </body>
</html>
