4575 5592
651 649 769 713 nvn
830 594 1206 709 ts'ctstuuo'ttt
1231 623 1514 714 sternuto

545 821 548 826 ⁵
649 829 728 899 'velo
744 808 853 895 tiollro
870 816 1047 907 immenso,
1069 826 1105 896 dt
1121 812 1282 896 mediocri
1301 821 1470 913 industria,
1493 822 1625 899 tandem
1647 825 1694 898 eil

649 923 814 1002 essedum.
863 928 963 999 Erant
977 919 1254 1026 infelicis'iolybii
1275 930 1439 1018 membra,
1463 955 1533 1031 quae
1553 924 1694 1030 superio·

650 1057 724 1106 rum
743 1049 872 1102 etatum
891 1024 997 1101 feritas
1018 1030 1149 1103 barbara
1169 1019 1511 1135 fecundissima,
1532 1035 1599 1105 huc
1615 1031 1693 1105 illuc

650 1129 805 1234 dispersa,
824 1145 886 1204 uos
904 1125 1120 1230 collegimus,
1142 1139 1178 1208 dt
1196 1129 1499 1210 ud'fimilitudinem
1516 1141 1609 1209 unius
1623 1161 1694 1209 cor·

649 1243 755 1341 poris,
775 1233 883 1337 quoad
897 1240 964 1308 eius
980 1235 1050 1309 lieri
1063 1255 1209 1336 poterat,
1231 1235 1424 1337 iedegimus.
1476 1244 1575 1312 Erant
1593 1238 1694 1338 pletu-

649 1369 711 1444 que
735 1334 885 1425 confusa,
911 1365 991 1413 caecs
1014 1345 1049 1413 ἀ
1069 1336 1285 1413 miserendum
1307 1348 1341 1413 in
1365 1335 1504 1436 modum
1524 1361 1695 1442 corrupta:

650 1471 710 1519 nos
724 1439 922 1542 digcllrmus,
941 1459 1126 1543 tempotum
1140 1442 1212 1515 luce
1227 1442 1459 1533 illustravimus,
1478 1452 1512 1520 dt
1526 1471 1587 1545 pro
1599 1450 1697 1545 copie

649 1550 813 1623 librorum
833 1563 979 1619 veterum
1000 1567 1092 1648 atque
1112 1535 1232 1645 ingenii
1251 1542 1438 1621 sanavimus.
1496 1554 1604 1651 Qum
1625 1554 1695 1649 qui·

650 1650 727 1746 dem
757 1647 798 1722 ad
828 1676 898 1722 rem
929 1654 968 1721 iis
991 1651 1244 1748 exemplaribus,
1274 1677 1345 1751 quae
1377 1654 1471 1724 nobis
1501 1652 1695 1724 bibliotheca

648 1752 855 1855 suggerebat,
874 1780 941 1826 non
958 1733 1252 1854 insequentidus,
1276 1775 1311 1827 ut
1328 1754 1456 1827 aliunde
1468 1751 1601 1828 subsidia
1622 1779 1694 1830 non

551 1878 554 1884 '
648 1865 840 1962 peteremus.
893 1861 982 1930 Nam
995 1883 1095 1957 quum
1111 1853 1209 1929 cisem
1225 1854 1428 1946 admonitus,
1453 1883 1549 1958 penes
1565 1851 1694 1930 l'eucris-

546 1968 548 1972 ’
647 1960 769 2039 limum
783 1966 982 2060 principem,
1006 1957 1210 2033 Francilcum
1225 1964 1338 2034 Mariae
1352 1960 1555 2048 Secundum,
1577 1963 1695 2034 Vrbini

650 2065 769 2144 ducem
785 2089 838 2138 vr.
851 2070 976 2137 eximiae
990 2062 1149 2136 vetustatis
1162 2059 1312 2138 'codicem
1327 2067 1455 2159 Polybii
1473 2086 1592 2150 extare,
1612 2059 1695 2165 egis·

649 2167 782 2269 fetuque
805 2194 863 2268 per
880 2167 984 2240 literas
1005 2194 1082 2242 cum
1104 2167 1303 2268 atnplissintae
1325 2166 1487 2269 dignitatis
1508 2173 1598 2255 viro,
1619 2170 1693 2240 Phi·

647 2272 740 2375 lippo
753 2273 858 2343 Canto
879 2274 1134 2358 Fraxiueo,'tuae
1156 2270 1324 2346 maiestatis
1342 2295 1419 2346 tunc
1440 2276 1593 2372 temporis
1605 2270 1693 2371 apud

650 2372 750 2452 seren.
773 2379 974 2448 Venetorum
997 2402 1100 2475 remp.
1118 2379 1256 2462 oratori,
1282 2398 1319 2450 ut
1336 2382 1403 2450 eius
1422 2374 1542 2450 codicis
1563 2370 1690 2448 usuram

650 2485 730 2556 mihi
746 2484 944 2576 impetraret:
960 2475 1042 2550 adeo
1055 2485 1121 2551 no'n
1135 2499 1265 2577 gravate
1278 2486 1427 2580 princeps
1440 2475 1693 2579 sapientissimus,

650 2591 687 2660 ἀ
708 2578 797 2685 quod
815 2586 880 2653 iam
896 2580 975 2654 olim
989 2589 1022 2652 te
1058 2582 1202 2667 robavit,
1221 2585 1336 2656 harum
1349 2585 1511 2656 literarum
1526 2587 1560 2655 dt
1574 2580 1692 2653 dodiri·

649 2715 700 2764 nae
714 2685 900 2777 Polybiane
918 2608 1137 2783 petitiAEnus,
1159 2682 1250 2785 quod
1266 2687 1439 2783 rogabatur
1459 2683 1530 2757 srvit
1549 2711 1567 2755 e
1587 2679 1618 2754 sc
1638 2710 1692 2754 au·

650 2787 746 2875 ferri,
777 2795 813 2860 ut
840 2787 954 2874 literis,
983 2814 1059 2888 quas
1077 2786 1118 2859 ad
1145 2814 1199 2859 me
1218 2784 1307 2860 dedit
1326 2787 1474 2888 lingulati
1495 2790 1693 2860 humanitate

652 2892 816 2978 conditas,
840 2886 951 2963 diserte
975 2888 1214 2989 fignificaverit,
1241 2889 1346 2964 studio
1372 2887 1570 2990 gratificandi
1594 2892 1692 2958 tnaie·

651 2996 720 3072 stati
743 3016 805 3068 tuae
822 2992 903 3066 nihil
924 2992 979 3066 libi
1001 2989 1063 3065 eise
1083 2999 1251 3092 antiquius.
1310 2997 1389 3068 Non
1410 3019 1524 3094 patum
1547 2991 1691 3064 instituto

650 3099 761 3177 nostro
775 3094 879 3170 codex
894 3096 957 3183 illc,
974 3122 1041 3197 quo
1057 3102 1110 3169 vix
1127 3098 1230 3170 alium
1243 3101 1453 3199 antiquiorem
1468 3091 1565 3169 hodie
1579 3114 1692 3194 putem

651 3217 777 3287 extare,
796 3196 858 3273 fuit
874 3199 966 3272 utilis.
1019 3206 1101 3272 Iuvit
1117 3199 1226 3301 postea
1244 3199 1361 3301 aliquid
1377 3208 1411 3274 ὅ(
1427 3201 1592 3299 exemplar
1605 3192 1692 3269 aliud

650 3302 834 3382 seteniss'tmi
849 3299 1116 3412 p'putiffimique
1131 3309 1282 3405 principis
1296 3304 1515 3378 Maximiliani
1535 3306 1691 3375 Boiorum

650 3407 759 3496 ducis,
784 3403 875 3508 quod
899 3410 1042 3480 virorum
1069 3414 1218 3508 gravium
1245 3415 1279 3481 ὅ(
1307 3404 1572 3482 amicissimorum
1597 3406 1703 3477 nobisae

593 3521 600 3544 '
652 3539 750 3613 opera
770 3517 804 3598 dt
821 3507 933 3583 fenore
953 3504 1062 3583 sumus
1083 3507 1254 3586 consecuti
1304 3517 1376 3585 lam
1395 3518 1467 3614 quia
1482 3528 1549 3583 erat
1565 3507 1692 3601 Polybii

650 3614 777 3701 sermo,
799 3633 834 3685 ut
854 3618 994 3687 hominis
1017 3617 1137 3701 Graeci,
1155 3614 1312 3717 plerisque
1333 3642 1446 3688 eorum
1463 3611 1562 3687 hodie
1578 3612 1690 3712 quibus

652 3716 717 3823 ipse
738 3715 875 3820 scripsit,
893 3723 927 3790 dt
942 3711 1258 3818 quorum'praecipue
1277 3725 1421 3791 intererat
1433 3712 1522 3818 poffc
1538 3715 1628 3787 illum
1642 3720 1691 3785 in·

588 3883 591 3887 .
651 3821 817 3922 belligeris,
833 3826 980 3919 ignotus3
1005 3845 1045 3892 ne
1070 3847 1109 3893 ue
1126 3823 1167 3895 ab
1189 3825 1410 3921 interpretibus
1431 3822 1588 3920 prioribus
1603 3822 1691 3919 quic·

653 3955 752 4030 quam
773 3923 881 3999 auxilii
899 3942 1022 4022 poterat
1043 3847 1178 4023 bereri,
1195 3930 1249 4026 qui
1268 3950 1372 4026 neque
1393 3928 1504 3997 omnia
1523 3941 1693 4007 verterant,

654 4037 689 4104 dt
705 4023 855 4131 pleraque
870 4031 981 4098 omnia
996 4029 1229 4126 perverterant:
1249 4053 1309 4102 nos
1326 4048 1361 4100 ut
1382 4030 1531 4100 Romane
1549 4026 1693 4125 loquere-

654 4131 725 4219 't'ur,
746 4140 780 4206 dt
801 4126 933 4231 quidem
953 4127 977 4201 si
997 4135 1104 4202 minus
1116 4134 1246 4217 omate,
1269 4151 1301 4205 at
1314 4131 1526 4231 intelligenter
1538 4151 1644 4200 tamen
1656 4132 1692 4201 dt

655 4235 756 4325 cullc3
782 4235 941 4333 imprimis
955 4250 991 4304 ut
1005 4236 1121 4305 Graecis
1137 4238 1287 4308 Romane
1304 4252 1535 4334 congruerent,
1553 4228 1619 4302 fide
1635 4231 1692 4302 bo·

642 4335 697 4426 na
717 4364 850 4438 operum
871 4331 1027 4407 dedimus.
1077 4335 1251 4432 l’taetereu,¹
1266 4365 1369 4441 quum
1392 4342 1428 4410 in
1452 4343 1520 4411 eius
1546 4334 1632 4407 libris
1657 4341 1693 4409 dt

640 4443 762 4529 inulte
776 4464 903 4544 magnae
917 4436 1117 4518 difficultates
1128 4448 1358 4547 reperirentur,
1374 4441 1635 4547 quercetum,
1659 4443 1694 4510 in
