4575 5592
592 693 681 772 ¹xrur
726 683 743 737 .“
783 671 840 744 IS.
859 667 1161 742 CASAVBONI
1185 665 1470 740 PRAEFATIO

605 879 721 928 oorunr
739 849 955 951 dignissimus.
1016 857 1138 954 Neque
1157 867 1266 927 tamen
1287 849 1380 926 is'eil
1394 849 1573 944 Polybius,
1587 851 1660 950 ‚qni

604 953 813 1055 supercilium
841 955 1007 1058 quoddam
1034 961 1198 1042 Stoicum,
1222 978 1276 1028 aut
1300 953 1448 1028 rusticam
1470 951 1654 1052 sunplieita·

606 1079 694 1146 tem,
717 1058 757 1154 ad
779 1057 988 1134 iudicandum
1001 1057 1042 1131 de
1055 1061 1234 1134 adiionibus
1255 1063 1427 1132 bominum
1445 1055 1655 1155 politicorum

606 1157 728 1237 afferat.
754 1159 878 1236 faciunt
888 1166 953 1236 hoc
968 1166 1137 1236 umbratici
1151 1158 1281 1263 quidam
1296 1156 1398 1260 sophi,
1415 1185 1522 1232 rerum
1536 1163 1656 1232 huma·

606 1291 725 1338 narum
753 1271 912 1365 imperiti,
935 1293 974 1338 ac
1001 1285 1168 1366 propterea
1199 1270 1299 1364 iniqui
1327 1259 1477 1364 persaepe
1506 1266 1677 1336 virorum·

602 1365 1526 1570 llsslllfflg'f'nll,l⁰lllli¹lli'‘llil'llir
1540 1369 1656 1567 ,lli

607 1595 678 1656 tus,
701 1573 779 1674 quid
798 1571 837 1646 srt
859 1569 1049 1650 discriminis
1068 1570 1259 1674 ponendum
1279 1576 1469 1651 inteream,
1493 1597 1567 1672 quae
1580 1567 1657 1644 firn-

607 1675 733 1776 pliciter
744 1675 861 1748 dicitur
873 1677 1059 1776 prudentia,
1085 1683 1121 1750 dt
1138 1671 1379 1770 περιεωτικήν,
1406 1679 1494 1748 cuius
1509 1669 1656 1760 conside,

606 1799 643 1852 ut
665 1778 845 1852 necestitate
867 1801 1053 1879 temporum
1073 1775 1235 1879 expressa,
1250 1777 1295 1852 'dt
1315 1774 1469 1876 sapientes
1482 1770 1656 1868 excusam

606 1879 780 1982 prudentes
797 1907 873 1954 vero
888 1888 989 1956 etiam
1007 1883 1148 1956 laudant.
1179 1903 1273 1982 atque
1288 1885 1358 1952 hac
1373 1877 1435 1965 eil,
1455 1906 1557 1978 quatu
1578 1873 1657 1954 solet

605 1983 791 2071 πολιτικὴν
805 1981 1036 2084 συνυπόκςισιι·
1054 1989 1241 2069 nominare,
1260 1987 1414 2083 quoniam
1429 1979 1515 2055 aliud
1530 1979 1659 2056 fimub·

609 2103 683 2169 tur,
701 2084 787 2160 aliud
807 2093 930 2184 agitur:
953 2115 1003 2160 rer
1022 2109 1093 2162 toto
1114 2113 1232 2188 genere
1245 2079 1366 2160 diversa
1379 2086 1420 2158 nb
1435 2083 1487 2158 ila
1499 2101 1658 2160 veterato·

611 2193 657 2261 ria
680 2191 818 2272 malitia,
838 2210 874 2262 ut
892 2195 925 2262 in
945 2189 1060 2264 noiiris
1074 2194 1314 2264 commentariis
1328 2185 1497 2285 diligenter
1510 2183 1658 2287 exposui·

610 2317 693 2374 xnus.
745 2288 877 2366 Discant
891 2298 988 2392 igitur
1001 2295 1041 2366 ab
1054 2299 1119 2368 hoc
1131 2293 1266 2370 doctore
1282 2296 1411 2364 iuvenes
1426 2288 1520 2362 studii
1531 2290 1657 2390 politici

610 2389 772 2465 candidati
796 2421 907 2468 veram
928 2393 1134 2496 prudentiam
1154 2404 1188 2476 ἀ
1208 2401 1281 2468 eius
1303 2395 1412 2492 leges,
1447 2419 1524 2468 nnn.
1540 2393 1580 2468 ab
1597 2391 1656 2466 illo

610 2490 766 2580 Etrusco,
788 2502 823 2568 in
843 2505 1059 2598 opprobrium
1087 2501 1255 2598 religionis
1277 2495 1454 2572 christianae
1475 2515 1574 2584 nato,
1599 2499 1659 2584 ,etri

611 2599 774 2697 probitas,
794 2597 894 2686 flde'e,
918 2607 1082 2699 integritas
1103 2623 1197 2702 etque
1219 2598 1302 2676 adeo
1322 2605 1356 2673 in
1373 2603 1616 2698 Deum-pietas,
1635 2621 1660 2672 ο

611 2697 711 2775 seculi
728 2697 883 2774 dedecus!
907 2708 1014 2776 inania
1024 2699 1101 2778 sunt·
1110 2704 1178 2778 siue
1191 2731 1224 2776 re
1237 2708 1392 2792 nornine,
1414 2698 1659 2802 prudentium

610 2800 767 2892 fallendi,
798 2805 928 2904 politica
947 2804 1111 2892 docirina,
1134 2807 1384 2882 instrumentum
1405 2809 1588 2892 iuburuauae
1610 2823 1660 2898 ty·

612 2903 764 2980 rauuidis.
818 2903 947 2982 Discant
963 2917 1001 2984 dt
1020 2915 1075 3009 qui
1097 2909 1139 2982 ad
1161 2906 1364 2984 scribendum
1388 2933 1438 2980 res
1461 2909 1566 3007 gestes
1592 2911 1661 2982 aui·

611 3035 708 3080 mum
735 3008 913 3108 applicant,
939 3021 1137 3112 praecipuum
1162 3011 1326 3086 annalium
1353 3037 1472 3084 munus
1499 3007 1582 3098 esse,
1604 3013 1662 3082 uni

611 3109 723 3185 fauere
743 3116 868 3198 virtuti,
891 3141 992 3188 unum
1007 3113 1108 3188 odisse
1123 3123 1258 3204 vitiurn3
1285 3115 1373 3190 illnrn
1391 3110 1453 3186 ess'e
1467 3114 1664 3214 legitimari,

613 3221 650 3286 ἀ
670 3219 841 3286 artemirate
862 3214 997 3316 dignam
1017 3219 1203 3306 historiam,
1225 3223 1276 3292 cui
1296 3245 1398 3290 unum
1418 3219 1543 3290 bonurn
1560 3220 1662 3290 hone·

613 3315 697 3404 llas3
723 3321 963 3392 uuumrnalunr
976 3318 1152 3422 turpitudo.
1203 3319 1267 3394 Sed
1287 3322 1481 3421 probitatem
1492 3325 1589 3394 buius
1602 3321 1661 3414 viri

613 3418 669 3492 illa
692 3422 812 3492 eximia
835 3427 1052 3522 equanimiter
1078 3417 1331 3500 inanisessiffinre
1352 3427 1476 3521 arguit,
1504 3448 1602 3524 quarn
1626 3427 1665 3498 iu

614 3519 887 3620 reprehendendis
907 3531 1155 3625 antiquioribus,
1175 3532 1230 3626 qui
1249 3531 1471 3624 ignoratione,
1486 3552 1556 3600 non
1570 3523 1664 3598 mali·

614 3631 656 3708 tin
676 3621 757 3724 lapfi
777 3621 921 3712 fuerant,
940 3623 1066 3729 semper·
1086 3627 1293 3703 adhibet-fic
1315 3633 1404 3702 enim
1424 3655 1547 3702 errores
1567 3625 1665 3712 tollit,

615 3747 652 3800 ut
671 3753 807 3812 eorum,
826 3734 880 3831 qui
900 3738 1050 3818 errarint,
1068 3729 1165 3806 famae
1187 3731 1268 3806 nihil
1276 3753 1456 3906 propterea
1471 3732 1547 3805 velit
1561 3723 1665 3804 detra·

616 3833 718 3903 diurn.
742 3835 941 3932 quinetiam
960 3839 1077 3932 gratiss
1089 3836 1148 3908 illis
1161 3861 1256 3933 agere
1289 3862 1327 3924 e,
1348 3835 1587 3936 plurimumque
1606 3855 1664 3904 eos

615 3936 726 4008 mirari
750 3934 935 4033 profitetur,
961 3935 1049 4034 quod
1066 3936 1124 4010 etst
1148 3933 1316 4024 errassent,
1336 3934 1489 4009 tentando
1506 3957 1613 4010 temen
1629 3939 1666 4008 dt

617 4031 771 4110 conando
796 4041 881 4108 viam
906 4039 1038 4137 posteris
1088 4039 1272 4113 erveuiendi
1299 4036 1340 4110 ad
1366 4067 1481 4112 verum
1503 4037 1667 4114 iudicave-

573 4151 577 4162 '
616 4143 690 4214 tint.
740 4142 827 4212 Scias
839 4167 912 4216 vera
927 4147 1042 4216 virtute
1053 4069 1147 4218 druse
1158 4140 1349 4242 praediturn,
1369 4149 1422 4245 qui
1439 4137 1579 4215 caussam
1591 4133 1666 4212 scri·

618 4235 716 4312 bondi
739 4236 839 4312 solam
860 4247 1008 4317 habuerit
1031 4245 1196 4347 publicam
1217 4246 1387 4320 utilitatem
1405 4251 1439 4318 dt
1454 4271 1577 4320 errores
1592 4237 1686 4314 virae'

618 4341 802 4438 corrigendi
823 4341 1025 4422 desiderium.
1076 4353 1179 4422 Porro
1200 4354 1304 4420 amori
1321 4353 1441 4420 virtutis
1456 4345 1597 4421 ssudiunr
1616 4369 1669 4418 vo·

619 4449 718 4520 sitatis
737 4443 912 4524 necessario
931 4445 1057 4562 semper
1070 4451 1117 4526 eii
1129 4453 1363 4528 conandum:
1384 4454 1591 4554 nequeenim
1606 4453 1670 4521 vir·

1312 4583 1315 4592 ·
1620 4569 1671 4630 iu!
