4575 5592
624 673 691 730 uva
852 653 879 725 l.
901 653 928 725 1,
946 635 1140 724 R-EI'SKE
1160 631 1442 726 ruffino

630 830 862 935 generirilliur,
898 829 964 908 uod
983 829 1225 936 interpretando
1237 827 1427 908 secutusest.
1458 822 1559 932 Qud
1574 850 1679 926 genua

631 937 679 1020 est
700 935 867 1036 periculofi
940 963 1020 1023 um,
1042 937 1198 1024 licentio,
1219 961 1318 1037 quarn
1337 932 1396 1008 fibi
1418 957 1491 1032 arro
1514 950 1563 1027 at,
1583 954 1680 1002 enor-

633 1046 755 1116 mitate.
806 1043 897 1113 Dum
910 1033 1062 1140 consequi
1073 1044 1139 1114 hoo
1158 1036 1262 1113 ssudet
1276 1042 1402 1122 Livius,
1425 1057 1461 1109 ut
1505 1060 1622 1133 egens,
1641 1049 1681 1105 ut
1730 1049 1733 1056 ·

635 1140 773 1222 liberalia
780 1170 797 1229 ,·
815 1163 851 1216 ut
864 1137 912 1215 sui
924 1147 1002 1214 iurit
1014 1147 1136 1228 homo,
1159 1162 1194 1215 ut
1209 1137 1272 1215 sure
1291 1139 1440 1215 didionis
1456 1139 1590 1222 arbiter,
1610 1161 1682 1211 nou

530 1343 533 1348 Ι
634 1241 742 1323 servus
756 1242 884 1331 aliena,
905 1261 941 1318 ut
956 1244 1052 1344 plane
1067 1244 1202 1333 larinus,
1222 1247 1384 1319 &audior
1398 1268 1509 1316 rerum
1527 1243 1681 1339 primige-

636 1355 709 1426 uiue
724 1347 898 1432 habeatur,
917 1367 989 1422 tum
1007 1346 1046 1422 fit
1058 1351 1217 1432 incurius,
1241 1343 1390 1447 supinus,
1410 1342 1529 1418 'nitidus
1541 1348 1575 1415 dt
1591 1367 1683 1414 meu·

638 1449 723 1535 dax,
741 1448 824 1522 ressir
840 1453 1025 1549 improbus,
1036 1452 1161 1525 audiori
1174 1446 1231 1523 suo
1247 1448 1507 1548 dissirnilit'atque
1521 1441 1687 1518 diffident.

638 1557 729 1651 sape
749 1579 827 1623 cum
846 1549 920 1626 suos
939 1553 1076 1647 Polybio
1092 1550 1242 1628 derebus
1256 1550 1420 1654 cogitandi
1435 1547 1553 1624 modos
1565 1555 1600 1622 dt
1613 1547 1684 1620 lati·

637 1682 696 1732 uas
707 1650 864 1730 didiones
877 1653 1126 1743 accommodat,
1143 1661 1186 1729 ita
1201 1682 1305 1756 greca
1315 1658 1411 1730 latine
1428 1651 1554 1736 reddit,
1574 1667 1610 1722 ut
1627 1653 1687 1721 nei

639 1784 703 1862 que
721 1760 815 1831 rebus
831 1756 906 1858 ipfis
919 1755 1095 1834 consentiat
1108 1765 1175 1832 eius
1187 1765 1312 1847 oratio,
1333 1783 1437 1858 neque
1449 1755 1594 1827 moribus
1606 1778 1689 1851 gra·

639 1865 699 1946 dia,
712 1887 737 1932 ι
778 1887 818 1934 ue
831 1860 1015 1957 Polybianir
1027 1856 1197 1936 sententiis.
1223 1861 1385 1936 Postrema
1399 1864 1511 1958 primis
1525 1871 1688 1958 permutat

640 1967 678 2040 ἃ
699 1885 829 2051 miden,
857 1965 919 2040 alia
939 1960 1108 2039 neceffaria
1128 1962 1286 2052 excludit,
1314 1960 1436 2037 eliade
1461 1957 1519 2056 suo
1548 1956 1688 2054 affingit,

597 2083 600 2090 '
640 2085 720 2142 ‘cum
733 2091 803 2140 non
816 2063 997 2154 necessaria,
1009 2087 1079 2140 turn
1091 2074 1127 2142 ἀ
1139 2062 1217 2140 falsa
1230 2074 1265 2142 dt
1276 2070 1506 2167 repugnantia3
1524 2087 1593 2163 qua
1607 2085 1690 2157 gro-

642 2195 701 2242 cua
712 2171 826 2242 audior
837 2169 953 2267 plane,
974 2165 1158 2344 perissicue,
1181 2191 1273 2269 apte,
1296 2188 1399 2253 certe,
1419 2170 1598 2249 concinne,
1618 2164 1690 2234 bre·

641 2276 742 2355 viter,
764 2291 884 2346 naturae
903 2297 1011 2346 renum
1073 2277 1169 2372 nique
1191 2269 1402 2347 consentanee
1425 2284 1624 2350 narraverat,
1650 2290 1691 2338 ea

640 2367 724 2472 szpe
741 2377 851 2448 Livius
863 2369 1014 2460 confuse,
1038 2373 1148 2461 dubie,
1165 2402 1242 2452 cum
1255 2377 1396 2449 ubertate
1410 2399 1478 2446 rem
1495 2367 1690 2471 impediente

535 2477 538 2488 '
642 2472 804 2562 reddidit,
823 2498 860 2548 ut
870 2475 959 2552 heud
972 2503 1047 2551 raro
1059 2473 1206 2565 dubitet,
1228 2475 1307 2552 satin
1321 2479 1425 2551 latinae
1437 2477 1555 2574 linguae
1570 2470 1691 2546 callent

637 2573 752 2653 fuerit.
804 2576 904 2681 Qud
923 2605 1108 2681 quanquom
1121 2579 1284 2679 praevideo
1295 2577 1387 2664 fore,
1409 2580 1526 2678 quibua
1541 2572 1694 2648 insanum

605 2735 607 2740 -
644 2687 682 2776 dt
695 2675 875 2756 nefandum
887 2702 982 2784 atque
995 2681 1178 2757 detestabile
1192 2682 1317 2757 ditum
1333 2677 1495 2765 videatur,
1508 2680 1549 2752 ab
1563 2704 1605 2749 eo
1618 2700 1696 2773 pro·

644 2777 929 2876 sedtumhonrinc,
970 2790 1004 2857 ui
1017 2780 1082 2890 ipse
1094 2781 1349 2885 ierineseneget
1359 2779 1449 2868 scire,
1462 2791 1570 2871 (enmt
1582 2799 1694 2852 autem

646 2884 763 3008 duilli,
779 2892 842 3009 'qui
854 2812 1038 2974 multidunt,
1049 2889 1217 2988 quiladtaa
1224 2894 1318 2974 Livii,
1353 2889 1538 2971 uameiunt,
1550 2884 1694 3002 ubertate

590 3059 595 3068 '
646 2991 1225 3195 iiiiiiffiss‘ii'i'ffldifss
1237 3001 1307 3168 in
1321 2980 1697 3180 .i.f}}'s¹ii3›⁰¹ssssitdit

647 3198 730 3268 mihi
744 3211 853 3270 tamen
866 3220 936 3268 nou
949 3221 1016 3268 uuo
1030 3194 1230 3271 documento
1245 3203 1313 3271 eiua
1325 3202 1390 3281 rei,
1408 3219 1507 3297 quarn
1520 3187 1699 3275 contendo,

647 3293 749 3384 fider,
766 3324 873 3398 ,neque
886 3292 960 3378 sone
971 3304 1075 3372 miror
1088 3302 1264 3387 veteribus,
1281 3305 1337 3402 qui
1350 3298 1537 3373 melioribus
1551 3292 1701 3368 instructi·

648 3396 749 3475 efferat
762 3398 898 3474 historia
907 3403 1072 3474 Romana
1085 3405 1287 3489 audioribua,
1311 3409 1367 3487 iis,
1415 3402 1507 3474 uibus
1521 3395 1700 3471 carendum

649 3500 765 3580 nossrae
783 3510 866 3576 aetati
885 3500 947 3588 est,
970 3506 1177 3579 Liviurnaut
1196 3493 1368 3582 obscurum
1389 3429 1502 3589 duiss'e,
1527 3521 1582 3573 aut
1601 3499 1700 3599 plane

649 3599 815 3682 sorduiffe.
866 3609 983 3678 Graecae
1004 3605 1137 3706 quidem
1156 3608 1276 3707 linguae
1296 3634 1366 3682 nou
1379 3602 1572 3706 penitiffime
1584 3600 1701 3674 callen·

651 3725 721 3782 tem
742 3736 812 3781 non
834 3734 907 3784 raro
928 3704 1091 3782 Liviusa
1113 3708 1268 3808 prodidit.
1317 3715 1433 3812 Neque
1454 3728 1566 3779 tamen
1580 3710 1701 3777 iccirco

651 3817 760 3885 minus
788 3811 882 3896 utile,
912 3816 1061 3884 minusve
1078 3808 1289 3887 uecess'ariuoa
1307 3818 1404 3885 etiam
1426 3807 1491 3894 cst,
1514 3811 1557 3881 ab
1575 3805 1710 3880 editore

651 3914 778 4006 Polybii
794 3917 880 3988 hauc
894 3919 1098 4011 provinciam
1111 3910 1286 4013 diligenter
1296 3912 1522 3997 administrari,
1535 3918 1571 3984 dt
1586 3936 1623 3983 ea
1638 3912 1703 3993 via,

653 4043 753 4116 quam
768 4019 793 4087 F
796 4015 898 4089 ulviua
909 4014 1042 4090 Vrfinuu
1063 4015 1193 4102 institit,
1210 4015 1347 4092 decurri.
1397 4018 1508 4101 Mihi,
1528 4041 1604 4086 cum
1619 4015 1703 4093 otio,

653 4115 801 4216 prafidia
817 4123 860 4191 rei
875 4121 968 4193 liuius
982 4121 1064 4193 bene
1078 4118 1229 4219 gerenda
1242 4117 1392 4204 defuere,
1414 4145 1492 4191 curn
1504 4115 1604 4194 aditio
1618 4115 1705 4186 Livii

653 4221 964 4320 Drakenborghiaua
977 4247 1082 4326 nuper
1095 4216 1225 4297 deeffet.
1275 4226 1424 4326 Denique
1436 4219 1598 4295 editorem
1609 4213 1706 4307 Poly·

654 4324 850 4400 uimenou
864 4347 955 4426 gero
981 4383 984 4388 -
1573 4359 1577 4370 ·

1617 4525 1708 4595 luvet
