4575 5592
683 652 730 718 x,
868 701 876 720 ,
1008 619 1411 702 rrernrro.

695 860 701 871 ·
729 879 732 884 -
763 817 1044 930 Denruemonico
1059 814 1219 930 usuquod
1235 824 1322 913 dixi,
1334 823 1582 928 praestareillum
1595 823 1731 929 quidem

663 1033 667 1085 1
688 977 784 1055 usum
804 951 983 1074 Hilloricus
1002 979 1203 1084 potissumum
1224 977 1326 1057 Index
1341 978 1486 1053 debebit:
1511 1000 1544 1052 at
1556 1000 1733 1087 occurrunt-

687 1093 896 1239 in.scriprore
914 1136 1023 1212 multae
1045 1163 1094 1211 res
1116 1157 1210 1239 atque
1223 1132 1401 1219 sententiae,
1420 1159 1490 1234 quae
1505 1139 1539 1205 in
1556 1161 1667 1222 rerum
1680 1142 1733 1210 ln·

688 1284 761 1363 dice
781 1288 954 1376 billorico,
971 1288 1033 1365 nifi
1051 1297 1087 1366 in
1107 1295 1252 1366 immane
1265 1289 1421 1363 volumen
1434 1247 1607 1361 extendere
1622 1289 1733 1402 volbe-

603 1485 605 1493 ι
686 1444 747 1527 rie,
771 1440 988 1517 commodum
1005 1443 1135 1517 titulum
1155 1441 1330 1543 locumque
1351 1392 1420 1513 ιιοιιΙ
1442 1446 1626 1531 inveniunt5
1650 1471 1732 1544 prae·

687 1611 795 1702 terea,
815 1621 885 1697 quo
907 1604 1016 1672 minus
1037 1597 1148 1672 locum
1166 1596 1324 1700 aliquem,
1344 1594 1429 1703 olim
1450 1595 1469 1667 ‘a
1488 1595 1583 1670 nobis
1595 1596 1732 1684 lectum,
1772 1622 1774 1625 ·

686 1773 792 1834 nunc,
822 1749 877 1821 ubi
897 1752 1104 1849 requirimus,
1134 1775 1204 1824 non
1226 1754 1437 1850 reperiamur,
1469 1745 1572 1857 obstat
1596 1743 1733 1862 subinde

620 1912 624 1918 '
685 1901 754 1975 lroc
774 1896 896 2002 ipsum,
915 1897 1005 2003 quod
1023 1907 1234 2004 propriorum
1256 1906 1431 1976 nominum
1452 1897 1577 2004 adquae
1593 1909 1732 2004 pertinet
1760 1951 1772 1964 -

685 2080 736 2129 ree
757 2070 857 2156 quam
877 2059 1066 2156 quaerimus,
1086 2079 1155 2129 non
1177 2052 1330 2129 succurrit
1351 2059 1530 2129 memoria:
1561 2054 1649 2158 quod
1674 2058 1749 2155 ιιῐιίι

684 2205 743 2296 lit,
770 2206 919 2285 simodo
939 2211 1075 2283 verbum
1094 2206 1182 2311 quod
1209 2205 1364 2348 srgqatius
1383 2207 1602 2283 dictionemve
1630 2210 1730 2322 paulo

684 2358 933 2438 luculentiorem
947 2361 989 2435 ad
1002 2369 1151 2437 animum
1163 2369 1376 2451 revocaveris,
1388 2389 1458 2466 quae
1474 2389 1515 2437 eo
1526 2361 1617 2448 loco,
1630 2387 1730 2463 quem

685 2517 818 2614 quaeris,
841 2515 1081 2601 continebatur,
1104 2515 1165 2587 islo
1189 2514 1374 2618 quasillo,
1396 2516 1732 2591 iuvanreVerborrun

683 2662 812 2753 Indice,
838 2691 909 2741 rem
936 2663 1036 2769 ipssm
1066 2674 1218 2744 iuvenies.
1279 2674 1327 2743 Ita
1355 2629 1510 2744 Hillorici
1536 2695 1666 2771 quoque
1695 2676 1732 2746 ἀ

684 2820 810 2893 Rerum
839 2818 957 2895 Indicis
986 2817 1247 2924 supplementum
1273 2819 1406 2925 aliquod
1435 2814 1733 2923 complementum·

583 2989 595 3046 .’
685 2998 748 3077 que
789 2972 955 3048 voluimus
986 2972 1048 3050 else
1086 2998 1163 3051 tunc
1200 2979 1385 3053 Verborum
1423 2971 1590 3065 ludicem3
1632 3003 1750 3078 quem,

684 3110 826 3204 IAxirorr
850 3133 1077 3230 Polybienum,
1105 3131 1241 3206 Emeslo
1264 3151 1444 3233 praeeunte,
1472 3107 1639 3205 inscribere
1662 3130 1730 3231 pla·

687 3285 765 3355 cuit.
816 3280 910 3356 Vale.
1740 3389 1742 3393 y

718 3525 730 3532 ..
771 3432 889 3537 Scripsi
905 3466 908 3471 ·
922 3439 1149 3536 Argentorati,
1186 3436 1338 3533 Calendis
1369 3435 1625 3521 Gennirralibue,
1654 3440 1731 3511 Rei·

684 3557 823 3691 qubbcae
849 3588 1173 3670 Gallo-Francorum
1199 3600 1297 3669 Anno
1322 3621 1374 3669 ιιι.
1404 3588 1524 3665 Chrisli
1553 3593 1730 3665 Servatorie

691 3761 924 3823 MDCCXCV·
