4575 5592
693 637 762 712 AD
782 636 931 711 svrM
955 636 1165 713 POLYBII
1188 633 1517 750 EDlTlONEM.
1549 661 1655 716 xrvn

618 824 705 899 uales
725 848 795 898 non
813 819 998 896 facinorum
1016 822 1223 910 bellieorum,
1246 828 1374 924 quatita
1391 848 1463 896 raro
1480 820 1658 900 edebantur
1678 903 1681 916 ,

615 926 770 1026 infignia,
797 937 900 1027 quu'm
912 953 981 1000 non
995 923 1093 998 bollis
1107 947 1319 1013 metueretur,
1339 954 1451 1000 senum
1469 918 1657 1025 imperator,

615 1051 651 1102 ur
668 1034 825 1108 continuo
842 1035 1050 1118 exercituum¹
1064 1034 1132 1102 otio
1149 1028 1305 1102 creditum
1322 1028 1492 1130 aliquando
1508 1027 1563 1115 fit,
1589 1057 1657 1103 ere·
1757 1087 1759 1092 .

615 1153 708 1234 ptum
725 1138 775 1205 ius
792 1131 903 1231 legatis
924 1130 1063 1205 ducendi
1082 1138 1116 1205 in
1136 1131 1280 1219 hostem,
1300 1128 1354 1205 sed
1374 1128 1655 1222 senatusconsulto,

614 1264 689 1311 rum
714 1233 899 1308 adulatione
922 1260 1104 1323 novorum,
1133 1257 1189 1307 aut
1221 1240 1371 1336 parientia
1399 1235 1657 1335 postremorum:

613 1365 784 1441 pernarum
804 1344 882 1412 item
904 1340 1083 1426 bonomm,
1103 1340 1145 1410 ab
1160 1343 1198 1410 iis
1215 1339 1411 1438 principibus
1430 1331 1656 1439 irrogatarum,

613 1449 666 1543 qui
688 1437 794 1543 ipsum
813 1417 840 1514 lt
859 1438 983 1542 pollent
998 1447 1121 1514 virtutis
1138 1467 1260 1514 nornen
1272 1439 1497 1531 exscinderent.
1521 1448 1656 1516 crimina

611 1549 815 1647 principum,
839 1544 1033 1644 voluptates,
1056 1543 1195 1644 flagitia,
1213 1544 1348 1618 incestus
1360 1542 1589 1630 abominandi,
1611 1546 1655 1618 la·

611 1649 800 1724 mutabiles
826 1655 939 1722 veneni
969 1652 1225 1748 propinationes,
1251 1647 1437 1749 parricidia3
1473 1637 1655 1740 aulicorum

611 1750 813 1853 proditiones
826 1775 964 1836 mutuas,
983 1754 1239 1838 critninationes,
1258 1748 1554 1853 conspirationes&
1569 1750 1655 1826 finti·

611 1856 662 1930 les
685 1876 769 1928 artes
787 1853 1017 1928 accurarifftme
1037 1849 1270 1942 describuntur,
1294 1882 1428 1957 quarum
1451 1862 1559 1928 retum
1584 1882 1654 1940 nort

611 1979 679 2033 tam
697 1963 847 2056 cognitio
864 1955 968 2057 potest
986 1953 1049 2029 ess'e
1067 1953 1249 2046 frudluosa,
1268 1986 1364 2058 quam
1381 1959 1569 2059 exemplum
1583 1986 1655 2058 per·

609 2056 782 2155 uitiosum.
804 2057 962 2134 uerilsnne
973 2064 1062 2132 enim
1079 2057 1245 2134 dotalibus
1259 2064 1364 2135 Plinio
1378 2059 1519 2149 ditium,
1538 2089 1660 2162 parum.

610 2159 714 2240 abesse
727 2193 746 2237 a
762 2160 898 2238 docente
911 2190 1006 2250 eum,
1025 2167 1079 2263 qui
1093 2183 1206 2236 narret.
1257 2163 1319 2237 Sed
1336 2167 1491 2237 Tacitum
1505 2161 1656 2237 nascendi

611 2266 678 2343 sors
697 2272 774 2341 hiric
794 2265 1080 2341 durescendo-iuni
1102 2267 1303 2365 alligaverat,
1330 2268 1406 2366 (qua
1427 2266 1468 2340 de
1489 2294 1523 2339 re
1543 2264 1654 2366 sepius

608 2368 677 2550 {pse
697 2369 881 2471 grarilsune
898 2375 1056 2470 queritur)
1075 2390 1110 2442 ut
1131 2370 1181 2442 vel
1196 2368 1353 2443 blendum
1367 2376 1396 2441 ei
1413 2367 1506 2452 effer,
1528 2372 1580 2442 vel
1595 2368 1651 2444 ista

623 2471 785 2569 cribenda.
836 2475 993 2548 Tacitum
1010 2480 1108 2572 igitur
1127 2469 1220 2545 facile
1234 2498 1295 2545 nos
1309 2468 1441 2575 quidem
1456 2468 1652 2560 exculbrnus,
1771 2529 1773 2534 .

609 2579 682 2652 illos
704 2572 845 2658 excusari
863 2603 931 2649 non
953 2572 1042 2676 polle
1063 2575 1258 2674 iudicamus,
1282 2581 1391 2677 utqui
1413 2582 1545 2652 unicum
1564 2582 1652 2650 huuc

608 2678 799 2756 historicum
812 2681 964 2754 omnibus
976 2679 1045 2753 aliis
1059 2701 1275 2781 anteponunt:
1298 2682 1651 2780 uuumTacitumpo·

607 2786 705 2860 lirieis
733 2784 919 2857 hominibus
945 2780 1067 2857 assidue
1095 2782 1265 2856 terendum
1294 2788 1518 2882 pronuntiant:
1547 2807 1652 2856 unum

608 2884 692 2973 effe,
715 2885 804 2958 unde
828 2890 985 2985 principes
1004 2893 1038 2959 ἀ
1058 2880 1240 2986 principum
1260 2883 1428 2959 confiliarii
1456 2885 1650 2959 documenta
1688 2970 1694 2980 ¹

607 2988 759 3090 regendae
779 2990 912 3087 reipubl.
934 3007 1042 3089 petere
1067 2987 1212 3063 debeant.
1243 2994 1333 3061 cuius
1346 2984 1569 3061 absurditatem
1583 2986 1650 3061 seu·

608 3099 717 3167 rentiae
739 3091 763 3165 st
786 3093 945 3166 vellemus
965 3098 1140 3192 exagitare,
1163 3091 1255 3165 facile
1277 3094 1505 3191 probaremus,
1530 3097 1584 3192 qui
1604 3096 1649 3163 ita

608 3195 766 3282 sentiunt,
787 3223 843 3269 eos
862 3194 1039 3289 tyrannidis
1059 3201 1217 3294 principes
1231 3195 1403 3269 hodiernos
1420 3201 1511 3268 tacite
1525 3189 1649 3267 accula-

609 3329 665 3388 re‚
691 3301 742 3372 vel
762 3299 868 3397 palam
892 3298 1068 3389 tyrannidis
1087 3298 1223 3371 inllituta
1239 3296 1338 3372 videti
1353 3298 1437 3474 ve*
1449 3324 1505 3370 eos
1521 3294 1648 3371 docere.

609 3401 701 3505 Qid
723 3410 811 3475 enim
832 3408 985 3501 principi,
1016 3396 1193 3501 prasertim
1210 3406 1335 3487 iuueni,
1362 3400 1391 3473 le
1425 3405 1500 3473 ione
1520 3401 1649 3473 illorum

607 3506 776 3581 annalium
789 3502 850 3578 effe
864 3530 957 3605 queat
970 3502 1190 3606 pernitiostus?
1214 3526 1250 3576 ut
1261 3506 1346 3576 bona
1358 3504 1516 3602 exempla,
1531 3500 1650 3605 stsaepe

609 3613 656 3684 ob
679 3609 792 3682 oculos
815 3604 992 3692 versentur,
1020 3607 1211 3707 proficiunt,
1240 3614 1337 3679 etiam
1358 3633 1426 3680 nou
1449 3603 1651 3700 sentientibus

608 3716 725 3787 nobis:
748 3709 792 3784 fic
812 3712 896 3783 mala
916 3732 1050 3804 nocent:
1073 3711 1239 3808 peullarius
1250 3737 1326 3806 nam
1350 3736 1390 3781 ue
1405 3707 1598 3783 descendunt
1614 3716 1649 3784 in
1761 3799 1763 3804 Ι

610 3823 756 3901 animos,
781 3822 816 3890 dr
838 3824 907 3886 vim
934 3836 1165 3914 preceptorum
1186 3814 1308 3885 obtinet
1328 3738 1515 3912 lrequcuter
1542 3812 1650 3911 legere
1688 3818 1690 3821 ’

610 3940 670 3998 aur
693 3917 874 4018 frequentet
899 3916 1015 3990 audire.
1077 3915 1142 3987 Sed
1160 3916 1289 4014 longius
1308 3916 1370 3988 abii
1392 3943 1490 4016 quam
1510 3914 1648 4015 inssirue·

606 4051 699 4095 ram:
725 4018 824 4098 redeo
849 4027 883 4093 in
905 4026 992 4093 viam
1009 4026 1047 4092 ἀ
1066 4017 1107 4090 ad
1130 4018 1311 4110 Polybium.
1363 4023 1438 4092 Hoc
1463 4024 1558 4118 igitur
1578 4015 1648 4091 scri·

609 4147 704 4227 prore
726 4122 813 4198 adeo
859 4122 1016 4210 ratssante,
1039 4120 1123 4194 adeo
1145 4123 1233 4208 utili,
1261 4150 1302 4194 ne
1329 4119 1447 4204 diutius
1471 4118 1648 4195 carendum

610 4226 686 4301 elset
708 4153 870 4326 generula
889 4223 1004 4298 indolis
1025 4227 1231 4309 horninibus,
1252 4231 1305 4324 qui
1321 4223 1481 4299 literarum
1495 4225 1648 4312 studium,

611 4360 688 4408 cunt
708 4334 836 4424 arbone
856 4356 963 4400 rerum
981 4350 1089 4402 amant
1108 4334 1322 4426 coniungere3
1351 4330 1412 4398 Dei
1426 4354 1510 4427 ope,
1533 4333 1665 4425 lituo,⁸

610 4441 664 4538 qui
684 4440 754 4510 haee
773 4439 840 4506 otia
859 4432 951 4508 uobis
971 4418 1113 4534 ptaellas,
1138 4431 1314 4505 immortali
1337 4430 1510 4518 beneficio,
1537 4432 1647 4507 laboie

1568 4559 1645 4607 veto
