4575 5592
522 735 533 744 .
613 648 712 737 arr
773 745 776 750 ¹
884 660 913 731 1.
937 657 1478 734 reuulsKurttAErtTro
1572 692 1575 698 ·

659 867 731 924 toto
750 849 815 922 hoc
834 870 952 946 genere
972 841 1145 947 desperare.
1205 850 1272 919 Aut
1289 842 1359 920 satis
1380 848 1555 936 habemus,
1577 871 1700 948 grecor

659 955 805 1027 audlores
822 977 840 1021 e
859 946 1093 1051 francogallicis
1112 951 1438 1049 interpretationibus,
1456 978 1533 1051 quas
1545 948 1700 1026 vitiosrssi·

660 1081 730 1132 mas
743 1050 804 1127 elle
818 1058 967 1126 omnium
982 1050 1182 1127 confessione
1195 1052 1334 1138 constat,
1353 1058 1537 1152 germanice
1552 1053 1700 1142 reddere,

566 1239 574 1250 ,
658 1179 715 1234 aut
730 1156 839 1230 nostro
854 1171 956 1230 marte¹
968 1183 1025 1229 eos
1044 1162 1087 1229 ita
1099 1154 1240 1231 redditos
1253 1154 1474 1244 venditemus,
1494 1178 1611 1231 utnon
1627 1152 1702 1259 pos·
1749 1186 1753 1196 ·

658 1260 721 1337 lint
733 1264 880 1333 homines
895 1264 985 1332 aet'ate
999 1254 1053 1332 sua
1066 1268 1100 1334 in
1112 1256 1301 1360 sapientibus
1316 1261 1415 1333 habiti
1426 1257 1630 1359 sapientibus,
1642 1266 1701 1361 qui

658 1362 757 1442 hodie
777 1358 870 1451 sunt,
893 1357 1108 1462 non'sordere
1130 1370 1166 1437 dr
1187 1358 1301 1436 derisui
1320 1359 1393 1438 elle.
1443 1360 1605 1436 Nondum
1626 1358 1718 1437 satie-

584 1476 598 1497 ‘
659 1465 848 1565 diligentem
868 1470 976 1565 grecis
995 1465 1091 1556 literis
1105 1471 1239 1566 opera'rn
1249 1469 1455 1552 navavimu's,
1478 1488 1515 1539 ut
1528 1472 1701 1564 negotium

660 1574 728 1645 boc
749 1564 957 1642 convertendi
975 1594 994 1640 e
1013 1575 1125 1667 gracia
1134 1564 1285 1670 prospere
1298 1567 1509 1670 decenterque
1524 1572 1617 1662 nobis
1632 1565 1701 1642 suo·

575 1683 580 1760 ,’
660 1670 774 1752 cedere
788 1671 902 1770 pollit-
944 1676 1032 1744 Facit
1047 1693 1155 1746 tamen
1169 1676 1252 1758 hoc,
1267 1677 1302 1744 in
1316 1671 1404 1772 quod
1420 1674 1460 1745 ab
1473 1672 1597 1773 aliquot
1609 1671 1702 1759 annia

659 1770 799 1851 exarsere
812 1777 928 1848 librarii
943 1773 1058 1859 nostri,
1078 1772 1219 1848 studium
1232 1800 1353 1873 graecos
1366 1778 1512 1849 nudiores
1525 1772 1579 1848 sua
1591 1779 1704 1882 primi·

684 1883 917 1952 enia'otatione
931 1897 1055 1950 utentes
1074 1885 1159 1978 typis
1178 1874 1239 1950 suis
1260 1875 1451 1965 recudendi,
1472 1873 1704 1978 ut'speremua,

659 1905 752 2065 sore,
767 1977 803 2055 ul
825 1977 910 2054 breui
930 1979 1002 2078 poll
1025 1986 1122 2053 etiam
1140 1985 1209 2053 hacc
1231 1980 1316 2053 labes
1338 1982 1474 2054 tollatur.
1525 1983 1651 2156 (fflibus
1667 1986 1703 2057 iu

658 2086 843 2160 rudioribus
865 2089 975 2182 graccis
993 2083 1150 2182 elegantia
1171 2088 1469 2184 typographeorum
1489 2091 1550 2184 Lip
1576 2082 1704 2173 ensium

537 2279 539 2284 g
659 2213 763 2287 nuper
780 2183 959 2259 admodum
980 2185 1161 2259 illuminatis
1175 2213 1241 2259 non
1255 2185 1405 2259 infimum
1418 2186 1530 2261 locum
1545 2188 1703 2260 obtinebit

658 2290 830 2385 Polybius,
864 2316 945 2362 cum
972 2294 1007 2361 in
1036 2316 1151 2362 manus
1178 2294 1352 2363 hominum
1380 2296 1579 2390 peruenerit,
1612 2287 1703 2391 quod

658 2390 1085 2568 ”ulirlllfisssslll
1106 2390 1322 2568 biblii*
1338 2399 1509 2571 dbl‘m‘
1528 2389 1703 2570 slsis

658 2523 764 2684 sallire
784 2596 978 2695 elegantiore
998 2549 1138 2698 precldre
1158 2524 1280 2683 rberili,
1305 2523 1704 2698 bpclarundnllldditkbplla·

657 2729 775 2818 narupr
789 2696 987 2800 diligentiam
1002 2720 1136 2774 exercet.
1184 2708 1264 2803 Qae
1277 2726 1382 2799 opera:
1396 2707 1431 2774 in
1445 2706 1596 2800 Diogene
1610 2706 1705 2773 La'e'r·

660 2814 707 2882 tio
727 2810 801 2876 artis
821 2802 1043 2903 &diligentia
1062 2799 1123 2875 suae
1142 2830 1214 2876 eam
1237 2801 1337 2875 iidem
1359 2799 1520 2891 fecerunt,
1542 2823 1576 2875 ut
1595 2803 1703 2876 nullus

660 2909 818 2991 dubitein,
834 2911 908 2980 eum
924 2931 1051 3007 quoque
1065 2906 1237 3000 Polybium
1253 2908 1293 2978 ab
1308 2903 1379 3005 ipfis
1394 2901 1455 2978 else
1471 2903 1705 3005 professurum,

589 3089 595 3098 ,
659 3019 714 3116 qui
734 3038 811 3083 cum
832 3016 1039 3109 primogenio
1057 3009 1209 3109 exemplo
1229 3005 1516 3082 Amllelodamenli
1537 3006 1579 3082 de
1597 3015 1704 3083 nitore

661 3119 845 3214 catenaque
861 3112 1008 3190 laudibus
1028 3118 1102 3185 artis
1116 3118 1357 3213 typographicae
1372 3110 1562 3201 contendat,
1586 3116 1622 3185 in
1634 3116 1705 3214 qui·

659 3214 795 3293 busdam
810 3220 907 3292 etiam
921 3216 1065 3317 palmam
1078 3216 1124 3289 illi
1140 3221 1259 3316 eripiat.

737 3425 775 3493 In
799 3425 860 3495 hac
881 3424 995 3522 igitur,
1019 3447 1090 3520 quae
1110 3416 1253 3518 undique
1270 3415 1356 3494 faula
1375 3417 1438 3503 esl,
1458 3417 1632 3492 dodlorunr
1644 3421 1704 3492 lio-

661 3528 790 3597 minurn
813 3522 853 3597 ad
876 3522 1059 3596 omandum
1080 3523 1256 3615 Polybium
1277 3519 1515 3599 concursatione
1532 3517 1639 3612 deesse
1653 3521 1705 3593 illi

660 3629 785 3700 audlori
805 3627 914 3710 nolui,
939 3631 1066 3698 acuius
1086 3624 1226 3701 sessione
1248 3653 1302 3698 me
1322 3622 1432 3725 sapius
1458 3649 1563 3725 neque
1588 3651 1705 3723 parum

660 3730 857 3806 oblectatum
879 3724 1114 3817 meminissem
1147 3724 1200 3802 sed
1223 3741 1291 3829 quae
1313 3735 1347 3802 iu
1367 3756 1443 3801 eum
1465 3724 1628 3802 obseruata
1654 3746 1705 3801 tot

660 3831 853 3910 letlionibus
872 3831 1009 3905 colledla
1030 3837 1064 3903 in
1084 3837 1323 3905 commentariis
1338 3833 1508 3919 haberem,
1533 3858 1571 3903 ea
1586 3855 1705 3929 expro-

661 3962 753 4009 mere
769 3943 802 4009 ὅ(
818 3937 985 4035 publicum
998 3940 1032 4005 in
1047 3936 1156 4006 locum
1173 3933 1350 4033 producere
1364 3933 1500 4008 decrevi.
1534 3938 1611 4034 Qo
1626 3958 1702 4022 con·

661 4022 945 4138 lilio'exsequendo
961 4037 1036 4138 quid
1052 4036 1111 4109 bin
1125 4035 1198 4138 poll
1210 4039 1288 4110 alios
1303 4033 1611 4135 consecutus„penes
1625 4035 1704 4105 alios

662 4139 729 4215 ello
751 4140 919 4218 iudiciuin.
971 4145 1057 4213 Mihi
1079 4140 1211 4241 quidem
1230 4135 1311 4214 visus
1330 4137 1402 4213 sum
1425 4168 1493 4213 non
1508 4143 1644 4210 omnino
1659 4136 1705 4211 nil

662 4239 769 4344 egisse.
821 4241 918 4341 Qud
933 4248 1064 4344 quisque
1078 4243 1198 4342 potell,
1213 4239 1419 4316 {iliberaliter
1429 4242 1463 4316 id
1478 4248 1511 4314 in
1525 4259 1705 4313 commune

662 4343 807 4432 confert,
828 4342 1134 4434 efficiturtaudrm,
1159 4366 1194 4417 ut
1215 4372 1401 4447 quacunque
1417 4352 1451 4416 in
1468 4371 1502 4415 re
1515 4350 1549 4417 ἀ
1563 4342 1704 4422 arteela·

662 4451 810 4540 burctur,
837 4476 874 4526 ea
901 4446 943 4523 ad
967 4445 1174 4548 persediionis
1192 4447 1334 4542 eulmen
1357 4448 1569 4570 extollatur„¹
1589 4448 1706 4619 Nepae

1600 4574 1641 4619 au
1655 4574 1703 4620 ult
