4575 5592
656 678 748 731 airu
876 658 902 729 u
928 657 955 727 1.
979 647 1474 730 taratarantium
1527 601 1530 608 ¹

653 837 758 940 ligole
771 863 853 912 vem
867 839 1013 915 lectionis
1025 837 1156 941 vestigia
1170 838 1344 927 exstarent,
1359 847 1546 916 commenta
1560 836 1614 915 sua
1629 837 1700 915 sub·
1718 845 1722 851 ’

652 936 775 1026 iecdle,
800 944 914 1043 quibua
931 946 1099 1017 auclorum
1118 939 1270 1017 sententia
1288 940 1414 1020 foedum
1433 951 1468 1018 in
1491 942 1629 1018 modum
1645 943 1698 1018 de·
1718 1000 1724 1009 .

651 1041 794 1126 fonruta
813 1047 1037 1120 &obliterata
1056 1042 1151 1134 ell‘et3
1174 1067 1288 1147 potero
1303 1044 1447 1146 effugere
1465 1045 1523 1136 (stc
1537 1044 1618 1148 sape
1632 1073 1698 1147 ego

652 1159 804 1234 mecum)
814 1155 895 1250 quin
909 1155 943 1223 in
954 1146 1045 1221 idem
1058 1147 1245 1222 incendium
1259 1148 1327 1222 odii
1338 1157 1374 1224 dt
1387 1156 1524 1224 convicii
1542 1148 1697 1238 incidam,

649 1251 858 1325 liaudlorem
879 1252 982 1324 ullum
994 1257 1182 1353 quempiam
1200 1257 1253 1324 atti
1279 1260 1357 1327 ero?
1408 1257 1525 1355 Ecquis
1546 1259 1699 1327 enimin

649 1350 752 1439 felix,
776 1359 819 1426 ita
839 1351 967 1453 prorsus
987 1355 1068 1427 ultra
1087 1359 1237 1428 liumauae
1251 1277 1341 1427 lonis
1355 1353 1553 1430 debilitatem
1566 1360 1699 1430 evedlue

649 1457 716 1543 ett,
741 1475 776 1530 ut
794 1453 918 1558 sperare
940 1457 1055 1556 pouit,
1076 1462 1111 1530 in
1129 1462 1196 1531 hoc
1215 1483 1334 1557 genere
1354 1485 1520 1562 nunquam
1542 1458 1635 1544 fore,
1660 1481 1695 1536 ut

648 1563 785 1659 turpiter
800 1580 879 1634 ruat.
926 1566 1009 1663 Qae
1030 1558 1133 1636 smel·
1147 1555 1300 1659 adspersa
1321 1562 1414 1638 bouis
1426 1555 1609 1637 tutioribus
1622 1558 1694 1636 sunt

647 1663 754 1749 labet,
774 1668 810 1737 dt
828 1689 896 1764 quae
915 1662 1064 1765 imposne
1082 1663 1214 1737 uulnera
1234 1665 1276 1735 ab
1293 1689 1409 1737 eorum
1425 1668 1591 1749 manibus,
1613 1691 1695 1765 quo·

646 1793 723 1841 turn
735 1781 893 1866 magnum
908 1771 942 1840 iu
955 1765 1056 1841 literis
1066 1791 1189 1840 nomen
1201 1766 1263 1853 en,
1282 1791 1329 1840 eae
1343 1774 1494 1841 tenaciter
1506 1765 1696 1868 ipsnadhae«

646 1864 790 1954 rescuut,
809 1889 962 1970 tanquam
974 1870 1062 1943 mula
1074 1864 1204 1952 scabies,
1224 1875 1258 1943 dt
1271 1868 1363 1943 latius
1375 1867 1520 1971 serpunt,
1532 1869 1573 1944 ad
1585 1861 1692 1972 polle·

644 1997 700 2048 toa
714 1978 824 2059 enam,
837 1991 872 2045 ut
883 1976 1050 2073 egerrime
1061 1970 1184 2072 detergi
1197 1973 1233 2046 'dt
1247 1970 1400 2047 eradicari
1410 1993 1540 2075 ¹queant.
1592 1978 1695 2047 Erro·

644 2101 696 2152 ree
707 2095 816 2148 autem
827 2080 991 2150 maiorum
1003 2103 1062 2176 per
1074 2074 1365 2156 nostru-edition&
1378 2100 1575 2177 propagare,
1593 2083 1629 2151 tit
1641 2104 1691 2166 ea,

645 2205 719 2356 ἔξω
735 2204 777 2252 ue
796 2176 856 2278 ipsi
874 2176 1008 2279 quidem
1027 2178 1262 2278 intelligamus,
1273 2179 1413 2353 gusteris
1427 2206 1506 2253 cum
1522 2206 1692 2253 commcn-
1720 2208 1725 2220 ·

689 2280 777 2355 riorie
790 2279 929 2381 quadum
941 2278 1266 2383 nostra-obtrudere„
1297 2279 1414 2355 edecus
1429 2282 1493 2369 est,
1518 2289 1616 2355 enimi
1633 2311 1693 2356 cu··

644 2382 714 2485 pidi
722 2438 733 2469 ‚
756 2383 851 2457 lucro
865 2382 984 2472 dediti,
1006 2385 1145 2471 leviat&
1158 2411 1264 2458 tenum
1277 2391 1430 2458 omnium
1446 2391 1573 2471 incurii,
1585 2415 1602 2458 a
1616 2394 1689 2460 viro

645 2487 737 2561 bono
750 2482 908 2588 denique,
928 2494 982 2590 qui
997 2488 1075 2561 velit
1087 2491 1112 2560 iu
1125 2483 1207 2575 elle,
1230 2514 1329 2587 quem
1342 2490 1545 2589 profitentur,
1567 2485 1693 2562 alicnis-

642 2587 726 2662 timi.
761 2596 797 2662 ln
809 2589 922 2663 libellis
932 2611 1043 2665 autern
1056 2587 1375 2667 animadversionum
1388 2614 1442 2664 aut
1456 2588 1692 2682 uerilimilium‚¹

508 2694 515 2716 '
607 2687 612 2708 '
640 2711 701 2766 aut
712 2692 932 2792 periculorum
946 2699 1146 2776 criticorum,
1171 2694 1502 2797 aututcunquelubet
1516 2694 1687 2794 appellare,

640 2799 788 2897 quamvis
806 2794 890 2868 male
908 2822 978 2870 tem
997 2820 1090 2896 agas,
1111 2791 1217 2869 fraudi
1234 2803 1343 2869 tamen
1357 2799 1480 2869 tuciori
1495 2816 1552 2868 tuo
1566 2818 1620 2869 tua
1633 2793 1691 2869 seu

522 2931 525 2939 ·
640 2894 762 2987 inscitia
776 2893 835 2972 -leu
854 2887 1022 2973 infelicitas
1041 2904 1210 2994 nou-erim
1237 2924 1314 2974 cum
1333 2902 1493 2999 integmrn
1513 2896 1554 2971 sn-
1568 2896 1686 2972 editori

536 3047 544 3076 t
640 3009 677 3076 ἃ
696 3000 809 3074 ledloti
829 3006 944 3103 cuique
962 3008 1031 3076 eiut
1048 3003 1206 3088 audictis,
1226 3027 1323 3103 quem
1344 3023 1377 3073 tu
1399 3003 1456 3073 tibi
1479 2999 1685 3077 metandum

639 3100 803 3193 inarserit,
830 3132 850 3179 e
867 3110 936 3180 <mie
955 3107 1165 3190 contenuit,
1192 3125 1349 3205 quantum
1364 3099 1474 3176 nisum
1494 3101 1609 3190 fuerit,
1629 3132 1685 3178 ex·

639 3232 768 3307 ωροτε
783 3204 880 3308 &ad
903 3203 997 3286 usum
1022 3205 1117 3281 suum
1138 3204 1315 3283 nanaferre.
1375 3210 1460 3282 Deui
1483 3233 1524 3280 ue
1545 3211 1685 3282 tutiori·

638 3329 685 3385 tan
706 3316 781 3383 ¹mei
804 3316 947 3384 nominis
964 3309 1052 3412 apud
1076 3310 1221 3384 librarios
1244 3307 1403 3400 militaret
1428 3234 1515 3384 mlta
1535 3309 1599 3398 est,
1612 3338 1684 3384 ne·

636 3439 720 3516 que,
744 3435 854 3594 ulit?
874 3413 1174 3519 magnasunt-ulle
1193 3409 1251 3502 lit,
1280 3414 1421 3490 multum
1438 3414 1565 3490 laboro.
1617 3410 1682 3487 Sed

636 3524 706 3594 haec
725 3522 765 3592 ln
842 3543 888 3591 ur.
1091 3537 1098 3550 ·
1535 3573 1537 3578 .
1682 3549 1684 3560 ·

644 3763 652 3775 ·
711 3722 837 3817 Polybii
852 3728 966 3821 igitur,
986 3739 1023 3792 ut
1035 3717 1110 3792 illuc
1121 3714 1231 3791 redeat
1244 3723 1360 3805 oratio
1379 3717 1501 3798 laceror
1514 3734 1597 3810 artus
1611 3716 1682 3790 col·

601 3849 604 3854 ·
634 3824 742 3925 legere
759 3830 909 3898 homiues
922 3820 1102 3916 dodiiffnni
1113 3818 1244 3895 summo
1260 3821 1384 3907 lludio,
1406 3823 1464 3895 alii
1479 3846 1520 3893 ex
1534 3820 1619 3904 aliie,
1643 3826 1680 3894 dt

632 3922 1560 4137 irltiillffiffiilill‘t„lli'fllffiliff
1574 3949 1679 4119 ‘iiii

631 4134 676 4206 bii
690 4160 776 4207 noua
789 4133 939 4235 quaedatn
950 4129 1134 4232 fragmenta
1149 4126 1349 4205 conservant.
1399 4129 1464 4204 Sed
1479 4135 1514 4203 iu
1528 4133 1589 4215 his,
1605 4155 1684 4229 quae·

630 4257 901 4322 meteremus,
932 4235 1059 4329 Polybii
1078 4232 1208 4308 ruderib
1269 4232 1517 4333 colligendis&
1540 4256 1677 4331 compo·

629 4335 745 4414 uendit
764 4338 892 4437 lignum
917 4336 1005 4439 quali
1024 4334 1145 4411 sustulit
1167 4259 1355 4410 viamus
1377 4333 1576 4436 Obsopoeuu‚
1605 4329 1682 4406 ludi.

626 4442 757 4520 literani
778 4439 1069 4528 oiiutzbacnentis,
1091 4446 1124 4514 ni
1140 4435 1254 4527 fallor,
1277 4438 1484 4529 moderator,
1507 4433 1677 4611 immunde

1579 4589 1581 4594 .
1629 4559 1673 4612 ω.
