4575 5592
601 665 680 718 xxx
781 637 837 712 1s.
859 635 1164 740 crsnvsour
1189 633 1470 712 ianuario

600 821 883 928 prudentissimum
909 825 1000 898 illum
1029 831 1184 911 Prenurn,
1218 831 1402 927 priusquam
1428 851 1468 898 ex
1492 817 1646 924 Hispania

601 925 723 1032 pedem
741 937 904 1014 moveret,
929 927 1028 1002 missis
1046 929 1088 1002 sd
1109 930 1240 1014 Gallos,
1265 933 1319 1030 qui
1339 936 1383 1001 cis
1398 935 1433 1002 ἀ
1450 947 1535 1000 trans
1550 925 1649 1026 Alpes
1672 951 1678 960 ·

602 1033 804 1116 babitabant,
827 1029 959 1130 segarim
970 1034 1078 1106 'rebus
1097 1033 1249 1106 omnibus
1265 1051 1353 1104 tanto
1367 1038 1497 1130 incepto
1512 1023 1650 1102 neeessa-

601 1138 656 1208 riis
678 1129 867 1236 providisse,
891 1142 1110 1208 narrationem
1129 1136 1215 1210 illius
1236 1133 1449 1234 expeditionis
1474 1131 1650 1222 miraculo·

601 1264 677 1310 rum
690 1235 821 1338 quidem
834 1263 990 1324 uacuam,
1015 1236 1068 1311 sed
1082 1235 1217 1312 summae
1231 1237 1407 1336 prudentia
1421 1235 1551 1336 plenam
1564 1233 1651 1306 insli-

603 1346 676 1415 tuit.
726 1341 914 1438 Scipionem
935 1367 1064 1442 quoque
1083 1349 1270 1442 priusquam
1285 1343 1325 1415 ab
1339 1342 1417 1416 urbe
1435 1333 1652 1440 proficiscere-

603 1463 673 1528 tur,
699 1467 814 1514 omnes
839 1469 882 1516 ne
905 1449 1048 1517 otiorum
1076 1444 1280 1520 difficultates
1307 1445 1409 1544 probe
1439 1439 1651 1528 meditatum3

604 1571 672 1620 uon
687 1545 857 1630 miraeulO,
880 1467 936 1620 sed
945 1544 1127 1620 admirabili
1142 1543 1282 1650 quadarn
1295 1544 1463 1646 prudentia
1479 1541 1649 1644 Hispanias
1675 1618 1678 1626 ,

605 1643 765 1722 domuisse
779 1645 935 1721 ollendit:
953 1656 987 1724 dt
1001 1676 1127 1736 eorum,
1140 1678 1209 1751 quae
1222 1645 1339 1732 scribit,
1354 1649 1491 1720 Laelium
1506 1645 1650 1719 Africrini

605 1747 769 1826 assiduum
782 1755 958 1836 comitem,
980 1751 1152 1852 diligenter
1171 1781 1189 1825 a
1209 1749 1241 1824 se
1263 1750 1303 1824 de
1321 1751 1454 1850 singulis
1474 1755 1594 1822 interro
1617 1776 1650 1820 a·

605 1875 695 1938 tum,
719 1851 832 1926 restem
852 1853 1140 1953 locupletissimum
1158 1853 1277 1928 laudat.
1331 1861 1504 1926 innumera
1524 1773 1651 1951 posssnt

606 1960 668 2031 alia
687 1961 751 2028 buc
770 1953 894 2044 afferri,
921 1963 1096 2059 exquibus
1118 1957 1159 2030 de
1180 1957 1300 2030 sincera
1321 1956 1387 2030 side
1406 1965 1439 2031 ἁ
1460 1953 1581 2028 iudicio
1597 1979 1651 2026 ex·

604 2057 723 2162 quisito
743 2063 837 2134 huius
854 2054 1033 2160 scriptoris,
1055 2059 1235 2163 planiffune
1255 2079 1347 2162 queat
1371 2060 1524 2133 conssare.
1556 2055 1652 2130 inslat'

607 2167 759 2238 omnium
772 2166 838 2235 hoc
851 2187 954 2236 unum
966 2163 1045 2236 ello.
1081 2169 1263 2263 Legionem
1280 2169 1466 2237 Romanam
1481 2189 1499 2234 e
1514 2181 1652 2262 quatuor

606 2267 750 2342 missibus
759 2269 1004 2365 Campanorum
1018 2265 1332 2370 compositamque
1343 2271 1506 2366 Rhegium
1521 2261 1652 2362 infigni-

609 2390 645 2444 to
664 2368 805 2467 perfidiae
818 2370 991 2470 exemplo,
1014 2370 1091 2444 belli
1105 2373 1278 2446 Tarentini
1291 2393 1357 2444 tem
1382 2397 1449 2456 ore,
1472 2365 1651 2468 diripuit&

608 2477 791 2568 occupavit,
806 2491 907 2544 totam
918 2473 1028 2572 possea
1040 2503 1057 2546 a
1070 2479 1230 2548 Romanis
1243 2471 1341 2547 securi
1354 2399 1447 2546 lbitt'e
1462 2467 1652 2570 perculsam,

608 2571 750 2650 scribunt
763 2573 907 2660 Orosius,
924 2573 1020 2648 lulius
1033 2581 1215 2664 Frontinus,
1231 2571 1294 2674 ipse
1309 2583 1406 2650 etiam
1420 2577 1518 2644 Titus
1532 2577 1652 2655 Livius,

609 2703 670 2752 nec
689 2703 758 2746 non
777 2676 850 2748 alii:
882 2675 990 2749 noller
1008 2697 1117 2750 contra
1139 2705 1215 2753 ccc.
1243 2675 1409 2750 dumtaxat
1433 2701 1473 2746 eo
1497 2671 1652 2772 supplicio
1672 2687 1676 2694 '

610 2777 746 2854 assessor
767 2799 881 2851 narrat.
905 2785 1087 2879 arquerius
1108 2777 1295 2852 sententiam
1313 2777 1506 2851 verissimam
1522 2771 1652 2846 certissi-

609 2909 762 2982 mamque
774 2877 836 2954 else
849 2882 935 2953 clare
948 2879 1206 2976 demonstramus
1219 2887 1252 2954 in
1267 2881 1381 2954 noslris
1400 2879 1650 2952 commentariis.

609 2985 688 3088 quid
710 2991 806 3084 igitur
818 2989 947 3058 Latinos
960 2985 1030 3057 illos
1044 2987 1192 3084 impulit,
1213 3005 1249 3057 ut
1261 3007 1328 3056 tam
1341 2983 1461 3057 liberali
1477 2979 1650 3053 mendacio

610 3094 775 3162 veritatem
795 3087 1027 3174 interficerent,
1045 3109 1080 3161 ut
1092 3115 1169 3160 cum
1183 3087 1389 3161 Tertulliano
1406 3084 1534 3158 dicam?
1558 3109 1651 3180 gran·

610 3189 712 3265 didati
726 3187 873 3264 videlicet
886 3216 1005 3276 rerum,
1019 3219 1095 3290 quas
1108 3193 1322 3292 exponebant,
1343 3217 1411 3262 non
1423 3187 1558 3287 simplici
1572 3182 1651 3258 fidei

609 3291 808 3368 studuerunt.
864 3297 911 3364 Vt
934 3289 1078 3366 dubitare
1094 3320 1195 3368 nemo
1219 3292 1351 3380 debeat,
1382 3294 1583 3386 Polybiane,
1609 3315 1651 3360 an

609 3399 696 3481 aliis,
708 3402 761 3496 qui
779 3423 828 3468 rer
841 3394 970 3468 easdem
984 3393 1105 3468 diverse
1120 3395 1349 3498 prodiderunt,
1364 3397 1438 3495 plus
1452 3397 1650 3468 ausso'ritatis

608 3498 648 3574 fit
662 3497 880 3572 tribuendum.
906 3525 985 3584 rara,
1005 3499 1186 3597 grandia&
1202 3495 1392 3573 miraculosa
1409 3499 1565 3600 plerisque
1582 3495 1652 3568 illo·

609 3630 683 3678 rum
699 3599 820 3674 tradere
834 3601 964 3701 possetis
978 3629 1061 3674 eune
1073 3600 1154 3694 fuit3
1177 3603 1306 3690 noslro,
1325 3629 1418 3688 vera,
1439 3607 1569 3674 certa&
1585 3597 1651 3670 fru-

610 3703 733 3794 dsuusa,
751 3701 912 3778 deleslare
923 3704 969 3776 illi
982 3705 1139 3780 sessorem
1153 3701 1265 3793 suum,
1284 3707 1392 3780 noller
1405 3702 1551 3778 dodlrina
1566 3703 1650 3775 ciuili

611 3807 1008 3908 inslruere,·propositum
1025 3809 1146 3882 habuit.
1196 3814 1259 3912 Qi
1280 3817 1376 3882 etiam
1397 3809 1472 3881 loco
1492 3833 1561 3880 nou
1583 3831 1650 3878 uuo

636 3911 790 3996 rolitetur,
802 3911 843 3983 de
856 3911 1019 4008 voluptate
1032 3911 1165 4010 quidem
1178 3911 1373 3985 auditoribus
1389 3907 1539 4011 paranda,
1554 3933 1652 4009 quatu
1680 3919 1682 3924 '

611 3939 817 4098 scribentium
841 4015 983 4114 plerique
1001 4009 1175 4100 sectantur,
1196 4041 1264 4088 non
1285 4013 1466 4087 admodum
1480 4009 1651 4086 sollicitum

611 4112 743 4192 seelse:
768 4115 906 4188 utilitatis
926 4139 1003 4188 vero
1022 4115 1062 4190 ud
1085 4123 1183 4191 uitsm
1199 4123 1402 4218 pertinentis,
1423 4137 1543 4189 tantam
1558 4121 1652 4186 ratio·

610 4245 689 4294 nem
702 4219 832 4304 habere,
843 4240 879 4291 ut
892 4215 933 4290 sd
949 4245 1022 4292 eam
1037 4223 1150 4292 cunm
1166 4219 1290 4292 referat.
1315 4245 1429 4293 omnes
1444 4226 1540 4320 igitur
1553 4245 1652 4288 emm

610 4327 724 4398 nitates
735 4327 770 4393 dc
784 4319 959 4394 reficiendo
973 4323 1084 4396 sessori
1100 4320 1301 4408 diverticula,
1327 4329 1360 4395 in
1376 4349 1473 4423 opere
1488 4343 1556 4394 tam
1570 4315 1652 4392 serio

609 4420 861 4530 neglexisle,·ut
881 4429 937 4500 uni
955 4423 1128 4502 adsereret
1140 4451 1248 4501 return
1263 4425 1426 4526 gesseram
1438 4443 1583 4508 accurate
1595 4447 1651 4496 ex·

1552 4525 1650 4630 plica·
