<?xml version="1.0" encoding="UTF-8"?>
<!DOCTYPE html PUBLIC "-//W3C//DTD XHTML 1.0 Transitional//EN"
    "http://www.w3.org/TR/xhtml1/DTD/xhtml1-transitional.dtd">
<html xmlns="http://www.w3.org/1999/xhtml" xml:lang="en" lang="en">
 <head>
  <title>
</title>
<meta http-equiv="Content-Type" content="text/html;charset=utf-8" />
  <meta name='ocr-system' content='tesseract 3.04.00' />
  <meta name='ocr-capabilities' content='ocr_page ocr_carea ocr_par ocr_line ocrx_word'/>
</head>
<body>
  <div class='ocr_page' id='page_1' title='image "./polybiimegalopo03polygoog_0068.png"; bbox 0 0 4575 5592; ppageno 0'>
   <div class='ocr_carea' id='block_1_1' title="bbox 719 613 1752 760">
    <p class='ocr_par' dir='ltr' id='par_1_1' title="bbox 719 613 1752 760">
     <span class='ocr_line' id='line_1_1' title="bbox 719 613 1752 760; baseline 0.011 -27"><span class='ocrx_word' id='word_1_1' title='bbox 719 739 724 744; x_wconf 75' lang='grc'><strong>,</strong></span> <span class='ocrx_word' id='word_1_2' title='bbox 850 613 1419 760; x_wconf 63' lang='grc' dir='ltr'>.Λυε’νΛιόιῖ-ΜΛΝΑ;,</span> <span class='ocrx_word' id='word_1_3' title='bbox 1572 687 1647 744; x_wconf 70' lang='lat' dir='ltr'>em</span> <span class='ocrx_word' id='word_1_4' title='bbox 1720 631 1752 749; x_wconf 69' lang='lat' dir='ltr'><strong><em>f</em></strong></span> 
     </span>
    </p>
   </div>
   <div class='ocr_carea' id='block_1_2' title="bbox 599 823 1727 1158">
    <p class='ocr_par' dir='ltr' id='par_1_2' title="bbox 599 823 1727 1158">
     <span class='ocr_line' id='line_1_2' title="bbox 599 823 1724 952; baseline 0.007 -30"><span class='ocrx_word' id='word_1_5' title='bbox 599 843 704 922; x_wconf 82' lang='lat' dir='ltr'>aufirn</span> <span class='ocrx_word' id='word_1_6' title='bbox 724 841 948 948; x_wconf 72' lang='lat' dir='ltr'>prefationem</span> <span class='ocrx_word' id='word_1_7' title='bbox 968 847 1011 923; x_wconf 87' lang='lat' dir='ltr'>ad</span> <span class='ocrx_word' id='word_1_8' title='bbox 1035 848 1210 944; x_wconf 84' lang='lat' dir='ltr'><strong>Polybium</strong></span> <span class='ocrx_word' id='word_1_9' title='bbox 1227 857 1460 952; x_wconf 82' lang='lat' dir='ltr'>pragnnticrns</span> <span class='ocrx_word' id='word_1_10' title='bbox 1483 823 1649 950; x_wconf 78' lang='lat' dir='ltr'>polliceri,</span> <span class='ocrx_word' id='word_1_11' title='bbox 1721 923 1724 930; x_wconf 90' lang='lat'>.</span> 
     </span>
     <span class='ocr_line' id='line_1_3' title="bbox 600 946 1727 1057; baseline 0.01 -34"><span class='ocrx_word' id='word_1_12' title='bbox 600 957 653 1023; x_wconf 84' lang='lat' dir='ltr'>eui</span> <span class='ocrx_word' id='word_1_13' title='bbox 673 946 909 1024; x_wconf 66' lang='lat' dir='ltr'>conscribendae</span> <span class='ocrx_word' id='word_1_14' title='bbox 931 979 1044 1052; x_wconf 87' lang='lat' dir='ltr'>parem</span> <span class='ocrx_word' id='word_1_15' title='bbox 1063 979 1118 1028; x_wconf 85' lang='lat' dir='ltr'>sne</span> <span class='ocrx_word' id='word_1_16' title='bbox 1139 980 1209 1028; x_wconf 89' lang='lat' dir='ltr'>non</span> <span class='ocrx_word' id='word_1_17' title='bbox 1226 950 1289 1027; x_wconf 83' lang='lat' dir='ltr'>eise</span> <span class='ocrx_word' id='word_1_18' title='bbox 1310 951 1431 1043; x_wconf 86' lang='lat' dir='ltr'>sentio;</span> <span class='ocrx_word' id='word_1_19' title='bbox 1454 953 1645 1057; x_wconf 84' lang='lat' dir='ltr'>videturque</span> <span class='ocrx_word' id='word_1_20' title='bbox 1725 1029 1727 1034; x_wconf 89' lang='lat'><em>.</em></span> 
     </span>
     <span class='ocr_line' id='line_1_4' title="bbox 601 1052 1644 1158; baseline 0.006 -32"><span class='ocrx_word' id='word_1_21' title='bbox 601 1061 647 1140; x_wconf 86' lang='lat' dir='ltr'>is,</span> <span class='ocrx_word' id='word_1_22' title='bbox 670 1080 771 1155; x_wconf 88' lang='lat' dir='ltr'>quem</span> <span class='ocrx_word' id='word_1_23' title='bbox 783 1052 885 1127; x_wconf 88' lang='lat' dir='ltr'>modo</span> <span class='ocrx_word' id='word_1_24' title='bbox 899 1060 1031 1129; x_wconf 87' lang='lat' dir='ltr'>honoris</span> <span class='ocrx_word' id='word_1_25' title='bbox 1044 1083 1123 1155; x_wconf 88' lang='lat' dir='ltr'>ergo</span> <span class='ocrx_word' id='word_1_26' title='bbox 1135 1059 1365 1144; x_wconf 83' lang='lat' dir='ltr'><strong>nominabam,</strong></span> <span class='ocrx_word' id='word_1_27' title='bbox 1388 1065 1429 1133; x_wconf 86' lang='lat' dir='ltr'>V.</span> <span class='ocrx_word' id='word_1_28' title='bbox 1443 1059 1482 1128; x_wconf 90' lang='lat' dir='ltr'>C.</span> <span class='ocrx_word' id='word_1_29' title='bbox 1496 1057 1548 1131; x_wconf 91' lang='lat' dir='ltr'>illa</span> <span class='ocrx_word' id='word_1_30' title='bbox 1563 1081 1644 1158; x_wconf 55' lang='lat' dir='ltr'>pras*</span> 
     </span>
    </p>
   </div>
   <div class='ocr_carea' id='block_1_3' title="bbox 598 1153 1761 1263">
    <p class='ocr_par' dir='ltr' id='par_1_3' title="bbox 598 1153 1761 1263">
     <span class='ocr_line' id='line_1_5' title="bbox 598 1153 1761 1263; baseline 0.006 -32"><span class='ocrx_word' id='word_1_31' title='bbox 598 1154 740 1241; x_wconf 80' lang='lat' dir='ltr'>satione,</span> <span class='ocrx_word' id='word_1_32' title='bbox 761 1183 823 1256; x_wconf 90' lang='lat' dir='ltr'>qua</span> <span class='ocrx_word' id='word_1_33' title='bbox 835 1153 977 1231; x_wconf 85' lang='lat' dir='ltr'>frontem</span> <span class='ocrx_word' id='word_1_34' title='bbox 992 1160 1117 1252; x_wconf 83' lang='lat' dir='ltr'>Polybii</span> <span class='ocrx_word' id='word_1_35' title='bbox 1130 1160 1315 1261; x_wconf 78' lang='lat' dir='ltr'>Lipsiensis,</span> <span class='ocrx_word' id='word_1_36' title='bbox 1336 1179 1489 1263; x_wconf 80' lang='lat' dir='ltr'>tanquam</span> <span class='ocrx_word' id='word_1_37' title='bbox 1510 1157 1641 1260; x_wconf 86' lang='lat' dir='ltr'>sassigio</span> <span class='ocrx_word' id='word_1_38' title='bbox 1755 1167 1761 1174; x_wconf 83' lang='lat'>&#39;</span> 
     </span>
    </p>
   </div>
   <div class='ocr_carea' id='block_1_4' title="bbox 594 1256 1731 2084">
    <p class='ocr_par' dir='ltr' id='par_1_4' title="bbox 594 1256 1731 2084">
     <span class='ocr_line' id='line_1_6' title="bbox 596 1256 1682 1366; baseline 0.005 -34"><span class='ocrx_word' id='word_1_39' title='bbox 596 1256 865 1360; x_wconf 79' lang='lat' dir='ltr'>splendidissimo,</span> <span class='ocrx_word' id='word_1_40' title='bbox 877 1265 1055 1348; x_wconf 81' lang='lat' dir='ltr'>exornabit,</span> <span class='ocrx_word' id='word_1_41' title='bbox 1075 1289 1177 1336; x_wconf 88' lang='lat' dir='ltr'>omne</span> <span class='ocrx_word' id='word_1_42' title='bbox 1189 1261 1381 1338; x_wconf 84' lang='lat' dir='ltr'>desiderium</span> <span class='ocrx_word' id='word_1_43' title='bbox 1393 1290 1499 1366; x_wconf 84' lang='lat' dir='ltr'>operar</span> <span class='ocrx_word' id='word_1_44' title='bbox 1515 1264 1642 1353; x_wconf 86' lang='lat' dir='ltr'>nostrae,</span> <span class='ocrx_word' id='word_1_45' title='bbox 1678 1333 1682 1354; x_wconf 69' lang='grc'>,</span> 
     </span>
     <span class='ocr_line' id='line_1_7' title="bbox 596 1363 1731 1465; baseline 0.007 -31"><span class='ocrx_word' id='word_1_46' title='bbox 596 1389 667 1465; x_wconf 75' lang='lat' dir='ltr'>quae</span> <span class='ocrx_word' id='word_1_47' title='bbox 680 1363 878 1437; x_wconf 81' lang='lat' dir='ltr'>tralaticia&amp;</span> <span class='ocrx_word' id='word_1_48' title='bbox 893 1364 1128 1440; x_wconf 85' lang='lat' dir='ltr'>contemnenda</span> <span class='ocrx_word' id='word_1_49' title='bbox 1142 1363 1506 1454; x_wconf 64' lang='lat' dir='ltr'>espexssindiurusess&#39;e.</span> <span class='ocrx_word' id='word_1_50' title='bbox 1542 1369 1643 1442; x_wconf 68' lang='lat' dir='ltr'>insen</span> <span class='ocrx_word' id='word_1_51' title='bbox 1665 1395 1673 1430; x_wconf 77' lang='grc' dir='ltr'>ι</span> <span class='ocrx_word' id='word_1_52' title='bbox 1725 1444 1731 1458; x_wconf 73' lang='grc'><strong><em>,</em></strong></span> 
     </span>
     <span class='ocr_line' id='line_1_8' title="bbox 596 1462 1731 1574; baseline 0.007 -36"><span class='ocrx_word' id='word_1_53' title='bbox 596 1492 634 1538; x_wconf 77' lang='lat' dir='ltr'>ee</span> <span class='ocrx_word' id='word_1_54' title='bbox 650 1462 759 1538; x_wconf 91' lang='lat' dir='ltr'>donec</span> <span class='ocrx_word' id='word_1_55' title='bbox 772 1466 824 1538; x_wconf 86' lang='lat' dir='ltr'>illn</span> <span class='ocrx_word' id='word_1_56' title='bbox 842 1473 876 1540; x_wconf 92' lang='lat' dir='ltr'>in</span> <span class='ocrx_word' id='word_1_57' title='bbox 897 1469 1062 1570; x_wconf 75' lang='lat' dir='ltr'>publicurn</span> <span class='ocrx_word' id='word_1_58' title='bbox 1083 1467 1235 1569; x_wconf 83' lang='lat' dir='ltr'>prodeat,</span> <span class='ocrx_word' id='word_1_59' title='bbox 1260 1468 1300 1544; x_wconf 90' lang='lat' dir='ltr'>de</span> <span class='ocrx_word' id='word_1_60' title='bbox 1314 1472 1450 1565; x_wconf 81' lang='lat' dir='ltr'>Polybio</span> <span class='ocrx_word' id='word_1_61' title='bbox 1468 1469 1641 1570; x_wconf 75' lang='lat' dir='ltr'>expositio,</span> <span class='ocrx_word' id='word_1_62' title='bbox 1678 1550 1680 1554; x_wconf 72' lang='grc'>,</span> <span class='ocrx_word' id='word_1_63' title='bbox 1716 1545 1731 1574; x_wconf 91' lang='lat'>.-</span> 
     </span>
     <span class='ocr_line' id='line_1_9' title="bbox 595 1565 1721 1672; baseline 0.008 -32"><span class='ocrx_word' id='word_1_64' title='bbox 595 1595 696 1672; x_wconf 74' lang='lat' dir='ltr'>quarn</span> <span class='ocrx_word' id='word_1_65' title='bbox 717 1565 839 1642; x_wconf 84' lang='lat' dir='ltr'>necesse</span> <span class='ocrx_word' id='word_1_66' title='bbox 857 1569 904 1642; x_wconf 86' lang='lat' dir='ltr'>eil</span> <span class='ocrx_word' id='word_1_67' title='bbox 920 1580 1038 1668; x_wconf 80' lang='lat' dir='ltr'>caeteris</span> <span class='ocrx_word' id='word_1_68' title='bbox 1058 1570 1215 1659; x_wconf 83' lang='lat' dir='ltr'>similem,</span> <span class='ocrx_word' id='word_1_69' title='bbox 1238 1580 1270 1650; x_wconf 91' lang='lat' dir='ltr'>h.</span> <span class='ocrx_word' id='word_1_70' title='bbox 1286 1602 1314 1647; x_wconf 85' lang='lat' dir='ltr'>e.</span> <span class='ocrx_word' id='word_1_71' title='bbox 1332 1582 1367 1649; x_wconf 76' lang='lat' dir='ltr'>d&lt;</span> <span class='ocrx_word' id='word_1_72' title='bbox 1386 1572 1518 1649; x_wconf 79' lang='lat' dir='ltr'>dodlsrn</span> <span class='ocrx_word' id='word_1_73' title='bbox 1535 1581 1569 1648; x_wconf 79' lang='lat' dir='ltr'>dt</span> <span class='ocrx_word' id='word_1_74' title='bbox 1582 1583 1644 1648; x_wconf 61' lang='lat' dir='ltr'>ene</span> <span class='ocrx_word' id='word_1_75' title='bbox 1718 1613 1721 1620; x_wconf 91' lang='grc'><em>·</em></span> 
     </span>
     <span class='ocr_line' id='line_1_10' title="bbox 595 1669 1645 1775; baseline 0.01 -33"><span class='ocrx_word' id='word_1_76' title='bbox 595 1669 711 1773; x_wconf 82' lang='lat' dir='ltr'>quilira</span> <span class='ocrx_word' id='word_1_77' title='bbox 731 1699 808 1744; x_wconf 88' lang='lat' dir='ltr'>curn</span> <span class='ocrx_word' id='word_1_78' title='bbox 827 1678 980 1748; x_wconf 88' lang='lat' dir='ltr'>orationis</span> <span class='ocrx_word' id='word_1_79' title='bbox 1001 1676 1156 1775; x_wconf 83' lang='lat' dir='ltr'>elegantia</span> <span class='ocrx_word' id='word_1_80' title='bbox 1177 1699 1339 1750; x_wconf 85' lang='lat' dir='ltr'>exaratam</span> <span class='ocrx_word' id='word_1_81' title='bbox 1362 1675 1456 1764; x_wconf 81' lang='lat' dir='ltr'>else,</span> <span class='ocrx_word' id='word_1_82' title='bbox 1470 1682 1555 1749; x_wconf 90' lang='lat' dir='ltr'>iuvat</span> <span class='ocrx_word' id='word_1_83' title='bbox 1572 1680 1645 1752; x_wconf 79' lang='lat' dir='ltr'>hoo·</span> 
     </span>
     <span class='ocr_line' id='line_1_11' title="bbox 595 1773 1684 1879; baseline 0.004 -30"><span class='ocrx_word' id='word_1_84' title='bbox 595 1774 673 1849; x_wconf 87' lang='lat' dir='ltr'>loco</span> <span class='ocrx_word' id='word_1_85' title='bbox 688 1774 797 1848; x_wconf 88' lang='lat' dir='ltr'>nollra</span> <span class='ocrx_word' id='word_1_86' title='bbox 813 1775 960 1877; x_wconf 86' lang='lat' dir='ltr'>quaedam</span> <span class='ocrx_word' id='word_1_87' title='bbox 977 1805 1054 1852; x_wconf 91' lang='lat' dir='ltr'>curn</span> <span class='ocrx_word' id='word_1_88' title='bbox 1069 1777 1109 1853; x_wconf 91' lang='lat' dir='ltr'>de</span> <span class='ocrx_word' id='word_1_89' title='bbox 1125 1777 1193 1879; x_wconf 93' lang='lat' dir='ltr'>ipso</span> <span class='ocrx_word' id='word_1_90' title='bbox 1213 1779 1381 1867; x_wconf 84' lang='lat' dir='ltr'>historico,</span> <span class='ocrx_word' id='word_1_91' title='bbox 1403 1803 1474 1856; x_wconf 90' lang='lat' dir='ltr'>turn</span> <span class='ocrx_word' id='word_1_92' title='bbox 1489 1779 1529 1853; x_wconf 94' lang='lat' dir='ltr'>de</span> <span class='ocrx_word' id='word_1_93' title='bbox 1543 1785 1638 1853; x_wconf 88' lang='lat' dir='ltr'>inter·</span> <span class='ocrx_word' id='word_1_94' title='bbox 1682 1773 1684 1778; x_wconf 38' lang='lat'><strong>¹</strong></span> 
     </span>
     <span class='ocr_line' id='line_1_12' title="bbox 594 1878 1645 1985; baseline 0.01 -35"><span class='ocrx_word' id='word_1_95' title='bbox 594 1880 739 1982; x_wconf 77' lang='lat' dir='ltr'>pretibus</span> <span class='ocrx_word' id='word_1_96' title='bbox 760 1885 827 1951; x_wconf 89' lang='lat' dir='ltr'>eius</span> <span class='ocrx_word' id='word_1_97' title='bbox 849 1878 1086 1983; x_wconf 81' lang='lat' dir='ltr'>editoribusque</span> <span class='ocrx_word' id='word_1_98' title='bbox 1103 1889 1243 1980; x_wconf 77' lang='lat' dir='ltr'>cogitatis</span> <span class='ocrx_word' id='word_1_99' title='bbox 1263 1891 1298 1958; x_wconf 77' lang='grc' dir='ltr'>ἀ</span> <span class='ocrx_word' id='word_1_100' title='bbox 1317 1881 1479 1961; x_wconf 81' lang='lat' dir='ltr'>observata</span> <span class='ocrx_word' id='word_1_101' title='bbox 1491 1909 1550 1985; x_wconf 88' lang='lat' dir='ltr'>per</span> <span class='ocrx_word' id='word_1_102' title='bbox 1566 1882 1645 1960; x_wconf 65' lang='lat' dir='ltr'>lan-³</span> 
     </span>
     <span class='ocr_line' id='line_1_13' title="bbox 596 1978 1409 2084; baseline 0.007 -28"><span class='ocrx_word' id='word_1_103' title='bbox 596 2007 673 2056; x_wconf 83' lang='lat' dir='ltr'>cern</span> <span class='ocrx_word' id='word_1_104' title='bbox 685 1978 844 2076; x_wconf 79' lang='lat' dir='ltr'>satyram,</span> <span class='ocrx_word' id='word_1_105' title='bbox 864 1981 953 2084; x_wconf 88' lang='lat' dir='ltr'>quod</span> <span class='ocrx_word' id='word_1_106' title='bbox 967 1989 1072 2073; x_wconf 87' lang='lat' dir='ltr'>aiunt,</span> <span class='ocrx_word' id='word_1_107' title='bbox 1093 1983 1268 2062; x_wconf 83' lang='lat' dir='ltr'>effiundere.</span> <span class='ocrx_word' id='word_1_108' title='bbox 1405 2032 1409 2040; x_wconf 76' lang='lat'>,</span> 
     </span>
    </p>
   </div>
   <div class='ocr_carea' id='block_1_5' title="bbox 580 2170 1736 4647">
    <p class='ocr_par' dir='ltr' id='par_1_5' title="bbox 586 2170 1736 3834">
     <span class='ocr_line' id='line_1_14' title="bbox 669 2170 1640 2290; baseline 0.002 -32"><span class='ocrx_word' id='word_1_109' title='bbox 669 2184 799 2278; x_wconf 89' lang='lat' dir='ltr'>Polybii</span> <span class='ocrx_word' id='word_1_110' title='bbox 820 2186 928 2260; x_wconf 77' lang='lat' dir='ltr'>multae</span> <span class='ocrx_word' id='word_1_111' title='bbox 942 2184 1015 2262; x_wconf 90' lang='lat' dir='ltr'>sunt</span> <span class='ocrx_word' id='word_1_112' title='bbox 1029 2183 1088 2261; x_wconf 80' lang='lat' dir='ltr'>inst</span> <span class='ocrx_word' id='word_1_113' title='bbox 1111 2215 1229 2290; x_wconf 87' lang='lat' dir='ltr'>nesque</span> <span class='ocrx_word' id='word_1_114' title='bbox 1244 2187 1371 2275; x_wconf 88' lang='lat' dir='ltr'>laudes,</span> <span class='ocrx_word' id='word_1_115' title='bbox 1393 2214 1470 2290; x_wconf 88' lang='lat' dir='ltr'>quas</span> <span class='ocrx_word' id='word_1_116' title='bbox 1484 2185 1509 2260; x_wconf 85' lang='lat' dir='ltr'>fi</span> <span class='ocrx_word' id='word_1_117' title='bbox 1522 2170 1640 2260; x_wconf 71' lang='lat' dir='ltr'>ornnes</span> 
     </span>
     <span class='ocr_line' id='line_1_15' title="bbox 593 2215 1714 2470; baseline 0 -108"><span class='ocrx_word' id='word_1_118' title='bbox 593 2285 726 2389; x_wconf 77' lang='lat' dir='ltr'>exsequi</span> <span class='ocrx_word' id='word_1_119' title='bbox 741 2292 1015 2377; x_wconf 82' lang='lat' dir='ltr'>orationevelinr,</span> <span class='ocrx_word' id='word_1_120' title='bbox 1030 2215 1274 2470; x_wconf 37' lang='lat' dir='ltr'>&amp;Qucum</span> <span class='ocrx_word' id='word_1_121' title='bbox 1295 2297 1429 2366; x_wconf 87' lang='lat' dir='ltr'>materia</span> <span class='ocrx_word' id='word_1_122' title='bbox 1449 2297 1530 2364; x_wconf 90' lang='lat' dir='ltr'>vires</span> <span class='ocrx_word' id='word_1_123' title='bbox 1545 2284 1641 2362; x_wconf 74' lang='lat' dir='ltr'>essu-¹</span> <span class='ocrx_word' id='word_1_124' title='bbox 1712 2385 1714 2390; x_wconf 23' lang='grc' dir='ltr'>Ι</span> 
     </span>
     <span class='ocr_line' id='line_1_16' title="bbox 592 2388 1733 2495; baseline 0.004 -31"><span class='ocrx_word' id='word_1_125' title='bbox 592 2414 744 2493; x_wconf 76' lang='lat' dir='ltr'>perante,</span> <span class='ocrx_word' id='word_1_126' title='bbox 765 2399 800 2466; x_wconf 78' lang='lat' dir='ltr'>dt</span> <span class='ocrx_word' id='word_1_127' title='bbox 821 2398 930 2467; x_wconf 75' lang='lat' dir='ltr'>adium</span> <span class='ocrx_word' id='word_1_128' title='bbox 950 2422 1057 2495; x_wconf 81' lang='lat' dir='ltr'>agam.</span> <span class='ocrx_word' id='word_1_129' title='bbox 1139 2395 1203 2468; x_wconf 85' lang='lat' dir='ltr'>ulla</span> <span class='ocrx_word' id='word_1_130' title='bbox 1223 2401 1312 2468; x_wconf 89' lang='lat' dir='ltr'>enirn</span> <span class='ocrx_word' id='word_1_131' title='bbox 1333 2388 1640 2468; x_wconf 80' lang='lat' dir='ltr'>canutaetashonsi··</span> <span class='ocrx_word' id='word_1_132' title='bbox 1729 2461 1733 2468; x_wconf 91' lang='lat'>.</span> 
     </span>
     <span class='ocr_line' id='line_1_17' title="bbox 592 2490 1732 2599; baseline -0.002 -29"><span class='ocrx_word' id='word_1_133' title='bbox 592 2522 677 2570; x_wconf 87' lang='lat' dir='ltr'>num</span> <span class='ocrx_word' id='word_1_134' title='bbox 693 2502 748 2581; x_wconf 88' lang='lat' dir='ltr'>iis,</span> <span class='ocrx_word' id='word_1_135' title='bbox 771 2501 826 2596; x_wconf 89' lang='lat' dir='ltr'>qui</span> <span class='ocrx_word' id='word_1_136' title='bbox 842 2503 876 2572; x_wconf 90' lang='lat' dir='ltr'>in</span> <span class='ocrx_word' id='word_1_137' title='bbox 888 2498 948 2570; x_wconf 87' lang='lat' dir='ltr'>illi&#39;s</span> <span class='ocrx_word' id='word_1_138' title='bbox 963 2496 1157 2572; x_wconf 76' lang='lat' dir='ltr'>celebrandis</span> <span class='ocrx_word' id='word_1_139' title='bbox 1178 2502 1270 2571; x_wconf 85' lang='lat' dir='ltr'>multi</span> <span class='ocrx_word' id='word_1_140' title='bbox 1292 2517 1389 2599; x_wconf 88' lang='lat' dir='ltr'>atque</span> <span class='ocrx_word' id='word_1_141' title='bbox 1408 2494 1506 2582; x_wconf 91' lang='lat' dir='ltr'>seduli</span> <span class='ocrx_word' id='word_1_142' title='bbox 1524 2490 1635 2568; x_wconf 75' lang='lat' dir='ltr'>ess&#39;ent.</span> <span class='ocrx_word' id='word_1_143' title='bbox 1729 2571 1732 2578; x_wconf 73' lang='grc'>,</span> 
     </span>
     <span class='ocr_line' id='line_1_18' title="bbox 590 2597 1634 2706; baseline -0.002 -34"><span class='ocrx_word' id='word_1_144' title='bbox 590 2597 658 2672; x_wconf 82' lang='lat' dir='ltr'>sed</span> <span class='ocrx_word' id='word_1_145' title='bbox 679 2619 880 2698; x_wconf 82' lang='lat' dir='ltr'>agnoverunt</span> <span class='ocrx_word' id='word_1_146' title='bbox 902 2599 1001 2674; x_wconf 88' lang='lat' dir='ltr'>iidem</span> <span class='ocrx_word' id='word_1_147' title='bbox 1021 2628 1130 2674; x_wconf 85' lang='lat' dir='ltr'>naeuos</span> <span class='ocrx_word' id='word_1_148' title='bbox 1149 2627 1276 2706; x_wconf 83' lang='lat' dir='ltr'>qupque</span> <span class='ocrx_word' id='word_1_149' title='bbox 1299 2602 1422 2695; x_wconf 84' lang='lat' dir='ltr'>Polybii</span> <span class='ocrx_word' id='word_1_150' title='bbox 1440 2626 1507 2673; x_wconf 93' lang='lat' dir='ltr'>non</span> <span class='ocrx_word' id='word_1_151' title='bbox 1526 2604 1634 2702; x_wconf 77' lang='lat' dir='ltr'>rninus</span> 
     </span>
     <span class='ocr_line' id='line_1_19' title="bbox 591 2698 1735 2804; baseline 0.002 -30"><span class='ocrx_word' id='word_1_152' title='bbox 591 2700 754 2800; x_wconf 77' lang='lat' dir='ltr'>insignes,</span> <span class='ocrx_word' id='word_1_153' title='bbox 778 2705 811 2772; x_wconf 91' lang='lat' dir='ltr'>in</span> <span class='ocrx_word' id='word_1_154' title='bbox 823 2705 937 2803; x_wconf 85' lang='lat' dir='ltr'>quibus</span> <span class='ocrx_word' id='word_1_155' title='bbox 950 2702 1045 2777; x_wconf 89' lang='lat' dir='ltr'>facile</span> <span class='ocrx_word' id='word_1_156' title='bbox 1059 2710 1206 2804; x_wconf 86' lang='lat' dir='ltr'>princeps</span> <span class='ocrx_word' id='word_1_157' title='bbox 1218 2704 1263 2776; x_wconf 88' lang='lat' dir='ltr'>est</span> <span class='ocrx_word' id='word_1_158' title='bbox 1279 2703 1328 2777; x_wconf 90' lang='lat' dir='ltr'>illa</span> <span class='ocrx_word' id='word_1_159' title='bbox 1342 2698 1547 2803; x_wconf 77' lang='lat' dir='ltr'>professoria,</span> <span class='ocrx_word' id='word_1_160' title='bbox 1568 2706 1643 2776; x_wconf 88' lang='lat' dir='ltr'>hoe.</span> <span class='ocrx_word' id='word_1_161' title='bbox 1730 2776 1735 2784; x_wconf 89' lang='grc'><em>,</em></span> 
     </span>
     <span class='ocr_line' id='line_1_20' title="bbox 590 2800 1634 2907; baseline 0.001 -30"><span class='ocrx_word' id='word_1_162' title='bbox 590 2803 658 2892; x_wconf 84' lang='lat' dir='ltr'>cll,</span> <span class='ocrx_word' id='word_1_163' title='bbox 680 2800 886 2905; x_wconf 83' lang='lat' dir='ltr'>supercilii&amp;</span> <span class='ocrx_word' id='word_1_164' title='bbox 905 2802 1003 2880; x_wconf 88' lang='lat' dir='ltr'>fastus</span> <span class='ocrx_word' id='word_1_165' title='bbox 1022 2828 1117 2907; x_wconf 82' lang='lat' dir='ltr'>etque</span> <span class='ocrx_word' id='word_1_166' title='bbox 1131 2804 1302 2879; x_wconf 72' lang='lat' dir='ltr'>insolentie</span> <span class='ocrx_word' id='word_1_167' title='bbox 1323 2807 1434 2906; x_wconf 86' lang='lat' dir='ltr'>plena,</span> <span class='ocrx_word' id='word_1_168' title='bbox 1452 2803 1634 2878; x_wconf 72' lang='lat' dir='ltr'>moletia&amp;</span> 
     </span>
     <span class='ocr_line' id='line_1_21' title="bbox 590 2903 1631 3010; baseline -0.002 -30"><span class='ocrx_word' id='word_1_169' title='bbox 590 2903 705 2980; x_wconf 77' lang='lat' dir='ltr'>odiosa</span> <span class='ocrx_word' id='word_1_170' title='bbox 725 2906 864 2982; x_wconf 89' lang='lat' dir='ltr'>docendi</span> <span class='ocrx_word' id='word_1_171' title='bbox 881 2918 914 2982; x_wconf 74' lang='lat' dir='ltr'>d(</span> <span class='ocrx_word' id='word_1_172' title='bbox 932 2908 1134 3010; x_wconf 78' lang='lat' dir='ltr'>praecipiendi</span> <span class='ocrx_word' id='word_1_173' title='bbox 1153 2931 1254 2996; x_wconf 87' lang='lat' dir='ltr'>rano,</span> <span class='ocrx_word' id='word_1_174' title='bbox 1278 2938 1310 2982; x_wconf 87' lang='lat' dir='ltr'>rn</span> <span class='ocrx_word' id='word_1_175' title='bbox 1327 2910 1450 2981; x_wconf 83' lang='lat' dir='ltr'>levibus</span> <span class='ocrx_word' id='word_1_176' title='bbox 1466 2909 1631 3006; x_wconf 85' lang='lat' dir='ltr'>&amp;apertis</span> 
     </span>
     <span class='ocr_line' id='line_1_22' title="bbox 587 3005 1730 3112; baseline -0.002 -28"><span class='ocrx_word' id='word_1_177' title='bbox 587 3033 685 3111; x_wconf 82' lang='lat' dir='ltr'>atque</span> <span class='ocrx_word' id='word_1_178' title='bbox 711 3017 744 3083; x_wconf 92' lang='lat' dir='ltr'>in</span> <span class='ocrx_word' id='word_1_179' title='bbox 771 3009 883 3084; x_wconf 88' lang='lat' dir='ltr'>medio</span> <span class='ocrx_word' id='word_1_180' title='bbox 905 3010 1016 3112; x_wconf 83' lang='lat' dir='ltr'>politis</span> <span class='ocrx_word' id='word_1_181' title='bbox 1037 3011 1218 3112; x_wconf 82' lang='lat' dir='ltr'>ingerendis</span> <span class='ocrx_word' id='word_1_182' title='bbox 1237 3019 1420 3111; x_wconf 84' lang='lat' dir='ltr'>importuna</span> <span class='ocrx_word' id='word_1_183' title='bbox 1440 3018 1475 3085; x_wconf 76' lang='lat' dir='ltr'>de</span> <span class='ocrx_word' id='word_1_184' title='bbox 1490 3005 1639 3094; x_wconf 82' lang='lat' dir='ltr'>modurn</span> <span class='ocrx_word' id='word_1_185' title='bbox 1727 3093 1730 3100; x_wconf 25' lang='lat'><em>¹</em></span> 
     </span>
     <span class='ocr_line' id='line_1_23' title="bbox 588 3112 1642 3216; baseline -0.009 -29"><span class='ocrx_word' id='word_1_186' title='bbox 588 3112 761 3188; x_wconf 84' lang='lat' dir='ltr'>excedens.</span> <span class='ocrx_word' id='word_1_187' title='bbox 813 3120 910 3188; x_wconf 87' lang='lat' dir='ltr'>Turn</span> <span class='ocrx_word' id='word_1_188' title='bbox 929 3122 1025 3189; x_wconf 82' lang='lat' dir='ltr'>nimis</span> <span class='ocrx_word' id='word_1_189' title='bbox 1040 3127 1184 3215; x_wconf 85' lang='lat' dir='ltr'>apertum</span> <span class='ocrx_word' id='word_1_190' title='bbox 1200 3121 1234 3187; x_wconf 78' lang='lat' dir='ltr'>dt</span> <span class='ocrx_word' id='word_1_191' title='bbox 1248 3120 1395 3216; x_wconf 85' lang='lat' dir='ltr'>iniquum</span> <span class='ocrx_word' id='word_1_192' title='bbox 1409 3118 1642 3213; x_wconf 83' lang='lat' dir='ltr'>Romanarum.</span> 
     </span>
     <span class='ocr_line' id='line_1_24' title="bbox 587 3214 1633 3320; baseline 0.001 -34"><span class='ocrx_word' id='word_1_193' title='bbox 587 3225 731 3317; x_wconf 87' lang='lat' dir='ltr'>partium</span> <span class='ocrx_word' id='word_1_194' title='bbox 759 3215 919 3305; x_wconf 84' lang='lat' dir='ltr'>studium,</span> <span class='ocrx_word' id='word_1_195' title='bbox 950 3217 1039 3320; x_wconf 89' lang='lat' dir='ltr'>quod</span> <span class='ocrx_word' id='word_1_196' title='bbox 1063 3246 1139 3291; x_wconf 80' lang='lat' dir='ltr'>euin</span> <span class='ocrx_word' id='word_1_197' title='bbox 1164 3214 1244 3316; x_wconf 84' lang='lat' dir='ltr'>saepe</span> <span class='ocrx_word' id='word_1_198' title='bbox 1271 3223 1408 3291; x_wconf 86' lang='lat' dir='ltr'>invitum</span> <span class='ocrx_word' id='word_1_199' title='bbox 1425 3224 1460 3291; x_wconf 76' lang='lat' dir='ltr'>d&lt;</span> <span class='ocrx_word' id='word_1_200' title='bbox 1479 3216 1564 3288; x_wconf 88' lang='lat' dir='ltr'>velut</span> <span class='ocrx_word' id='word_1_201' title='bbox 1585 3240 1633 3287; x_wconf 83' lang='lat' dir='ltr'>re·</span> 
     </span>
     <span class='ocr_line' id='line_1_25' title="bbox 588 3317 1736 3421; baseline -0.003 -27"><span class='ocrx_word' id='word_1_202' title='bbox 588 3321 783 3406; x_wconf 72' lang='lat' dir='ltr'>luciantem,</span> <span class='ocrx_word' id='word_1_203' title='bbox 803 3317 884 3421; x_wconf 84' lang='lat' dir='ltr'>saepe</span> <span class='ocrx_word' id='word_1_204' title='bbox 906 3320 1007 3395; x_wconf 90' lang='lat' dir='ltr'>rursus</span> <span class='ocrx_word' id='word_1_205' title='bbox 1032 3318 1295 3421; x_wconf 85' lang='lat' dir='ltr'>imprudentem,</span> <span class='ocrx_word' id='word_1_206' title='bbox 1312 3322 1499 3420; x_wconf 90' lang='lat' dir='ltr'>plerumque</span> <span class='ocrx_word' id='word_1_207' title='bbox 1521 3318 1632 3391; x_wconf 88' lang='lat' dir='ltr'>volen·</span> <span class='ocrx_word' id='word_1_208' title='bbox 1734 3393 1736 3400; x_wconf 69' lang='grc'>,</span> 
     </span>
     <span class='ocr_line' id='line_1_26' title="bbox 586 3421 1631 3524; baseline -0.004 -28"><span class='ocrx_word' id='word_1_209' title='bbox 586 3443 676 3508; x_wconf 85' lang='lat' dir='ltr'>tens,</span> <span class='ocrx_word' id='word_1_210' title='bbox 704 3429 738 3495; x_wconf 87' lang='lat' dir='ltr'>in</span> <span class='ocrx_word' id='word_1_211' title='bbox 757 3422 968 3500; x_wconf 85' lang='lat' dir='ltr'>transversum</span> <span class='ocrx_word' id='word_1_212' title='bbox 980 3432 1063 3524; x_wconf 87' lang='lat' dir='ltr'>egit,</span> <span class='ocrx_word' id='word_1_213' title='bbox 1086 3446 1119 3495; x_wconf 92' lang='lat' dir='ltr'>ut</span> <span class='ocrx_word' id='word_1_214' title='bbox 1138 3421 1252 3495; x_wconf 86' lang='lat' dir='ltr'>eadem</span> <span class='ocrx_word' id='word_1_215' title='bbox 1268 3422 1406 3496; x_wconf 86' lang='lat' dir='ltr'>libidinis</span> <span class='ocrx_word' id='word_1_216' title='bbox 1424 3421 1631 3521; x_wconf 86' lang='lat' dir='ltr'>turpitudine,</span> 
     </span>
     <span class='ocr_line' id='line_1_27' title="bbox 595 3522 1708 3628; baseline -0.003 -29"><span class='ocrx_word' id='word_1_217' title='bbox 595 3553 699 3628; x_wconf 87' lang='lat' dir='ltr'>quarn</span> <span class='ocrx_word' id='word_1_218' title='bbox 707 3533 740 3598; x_wconf 91' lang='lat' dir='ltr'>in</span> <span class='ocrx_word' id='word_1_219' title='bbox 760 3528 831 3601; x_wconf 86' lang='lat' dir='ltr'>aliis</span> <span class='ocrx_word' id='word_1_220' title='bbox 850 3550 958 3615; x_wconf 91' lang='lat' dir='ltr'>notat,</span> <span class='ocrx_word' id='word_1_221' title='bbox 982 3535 1145 3624; x_wconf 85' lang='lat' dir='ltr'>ueritatem</span> <span class='ocrx_word' id='word_1_222' title='bbox 1160 3552 1266 3598; x_wconf 77' lang='lat' dir='ltr'>reruni</span> <span class='ocrx_word' id='word_1_223' title='bbox 1283 3525 1441 3623; x_wconf 88' lang='lat' dir='ltr'>gessarum</span> <span class='ocrx_word' id='word_1_224' title='bbox 1456 3522 1642 3597; x_wconf 87' lang='lat' dir='ltr'>mendacio</span> <span class='ocrx_word' id='word_1_225' title='bbox 1702 3581 1708 3596; x_wconf 90' lang='lat'><strong><em>.</em></strong></span> 
     </span>
     <span class='ocr_line' id='line_1_28' title="bbox 586 3625 1692 3734; baseline -0.004 -31"><span class='ocrx_word' id='word_1_226' title='bbox 586 3651 827 3729; x_wconf 86' lang='lat' dir='ltr'>corrumperet,</span> <span class='ocrx_word' id='word_1_227' title='bbox 847 3630 1043 3734; x_wconf 78' lang='lat' dir='ltr'>nitidumque</span> <span class='ocrx_word' id='word_1_228' title='bbox 1057 3636 1122 3702; x_wconf 87' lang='lat' dir='ltr'>eius</span> <span class='ocrx_word' id='word_1_229' title='bbox 1140 3630 1246 3700; x_wconf 87' lang='lat' dir='ltr'>lucem</span> <span class='ocrx_word' id='word_1_230' title='bbox 1259 3629 1450 3702; x_wconf 85' lang='lat' dir='ltr'>adulationis</span> <span class='ocrx_word' id='word_1_231' title='bbox 1465 3625 1631 3699; x_wconf 89' lang='lat' dir='ltr'>cuiusdam</span> <span class='ocrx_word' id='word_1_232' title='bbox 1689 3633 1692 3647; x_wconf 89' lang='lat'>&#39;</span> 
     </span>
     <span class='ocr_line' id='line_1_29' title="bbox 587 3727 1633 3834; baseline -0.005 -29"><span class='ocrx_word' id='word_1_233' title='bbox 587 3754 644 3805; x_wconf 81' lang='lat' dir='ltr'>aut</span> <span class='ocrx_word' id='word_1_234' title='bbox 658 3730 913 3809; x_wconf 77' lang='lat' dir='ltr'>dilllinulationis</span> <span class='ocrx_word' id='word_1_235' title='bbox 926 3736 1040 3808; x_wconf 88' lang='lat' dir='ltr'>nebula</span> <span class='ocrx_word' id='word_1_236' title='bbox 1055 3731 1141 3834; x_wconf 79' lang='lat' dir='ltr'>quali</span> <span class='ocrx_word' id='word_1_237' title='bbox 1150 3727 1341 3805; x_wconf 86' lang='lat' dir='ltr'>obscuraret.</span> <span class='ocrx_word' id='word_1_238' title='bbox 1373 3738 1451 3831; x_wconf 80' lang='lat' dir='ltr'>Qse</span> <span class='ocrx_word' id='word_1_239' title='bbox 1460 3752 1568 3802; x_wconf 87' lang='lat' dir='ltr'>tamen</span> <span class='ocrx_word' id='word_1_240' title='bbox 1575 3729 1633 3815; x_wconf 90' lang='lat' dir='ltr'>illi,</span> 
     </span>
    </p>

    <p class='ocr_par' dir='ltr' id='par_1_6' title="bbox 580 3828 1733 4629">
     <span class='ocr_line' id='line_1_30' title="bbox 610 3828 1632 3936; baseline -0.004 -29"><span class='ocrx_word' id='word_1_241' title='bbox 610 3865 659 3908; x_wconf 86' lang='lat' dir='ltr'>nar</span> <span class='ocrx_word' id='word_1_242' title='bbox 675 3844 704 3908; x_wconf 88' lang='lat' dir='ltr'>ei</span> <span class='ocrx_word' id='word_1_243' title='bbox 723 3838 854 3935; x_wconf 86' lang='lat' dir='ltr'>obtigit,</span> <span class='ocrx_word' id='word_1_244' title='bbox 874 3835 1021 3910; x_wconf 90' lang='lat' dir='ltr'>nascendi</span> <span class='ocrx_word' id='word_1_245' title='bbox 1034 3832 1107 3908; x_wconf 81' lang='lat' dir='ltr'>soni</span> <span class='ocrx_word' id='word_1_246' title='bbox 1121 3833 1340 3936; x_wconf 83' lang='lat' dir='ltr'>fortunisque,</span> <span class='ocrx_word' id='word_1_247' title='bbox 1362 3837 1474 3936; x_wconf 87' lang='lat' dir='ltr'>quibus</span> <span class='ocrx_word' id='word_1_248' title='bbox 1487 3828 1632 3919; x_wconf 70' lang='lat' dir='ltr'>ususesl,</span> 
     </span>
     <span class='ocr_line' id='line_1_31' title="bbox 586 3865 1663 4041; baseline -0.006 -29"><span class='ocrx_word' id='word_1_249' title='bbox 586 3865 682 4012; x_wconf 74' lang='lat' dir='ltr'>senile</span> <span class='ocrx_word' id='word_1_250' title='bbox 701 3969 727 4011; x_wconf 84' lang='lat' dir='ltr'>ae</span> <span class='ocrx_word' id='word_1_251' title='bbox 751 3967 808 4011; x_wconf 87' lang='lat' dir='ltr'>uus</span> <span class='ocrx_word' id='word_1_252' title='bbox 826 3947 956 4041; x_wconf 86' lang='lat' dir='ltr'>quisque</span> <span class='ocrx_word' id='word_1_253' title='bbox 979 3938 1152 4014; x_wconf 88' lang='lat' dir='ltr'>condonet.</span> <span class='ocrx_word' id='word_1_254' title='bbox 1203 3944 1250 4009; x_wconf 91' lang='lat' dir='ltr'>lta</span> <span class='ocrx_word' id='word_1_255' title='bbox 1268 3943 1354 4011; x_wconf 90' lang='lat' dir='ltr'>enirn</span> <span class='ocrx_word' id='word_1_256' title='bbox 1371 3944 1467 4036; x_wconf 84' lang='lat' dir='ltr'>graeci</span> <span class='ocrx_word' id='word_1_257' title='bbox 1482 3957 1554 4009; x_wconf 87' lang='lat' dir='ltr'>ante</span> <span class='ocrx_word' id='word_1_258' title='bbox 1569 3939 1631 4007; x_wconf 87' lang='lat' dir='ltr'>Po·</span> <span class='ocrx_word' id='word_1_259' title='bbox 1661 4035 1663 4039; x_wconf 19' lang='grc' dir='ltr'>ι</span> 
     </span>
     <span class='ocr_line' id='line_1_32' title="bbox 587 3969 1631 4143; baseline -0.007 -27"><span class='ocrx_word' id='word_1_260' title='bbox 587 4044 717 4134; x_wconf 87' lang='lat' dir='ltr'>lybiurn</span> <span class='ocrx_word' id='word_1_261' title='bbox 729 3969 898 4143; x_wconf 74' lang='lat' dir='ltr'>scriptores</span> <span class='ocrx_word' id='word_1_262' title='bbox 909 4043 950 4117; x_wconf 90' lang='lat' dir='ltr'>de</span> <span class='ocrx_word' id='word_1_263' title='bbox 963 4046 1055 4117; x_wconf 88' lang='lat' dir='ltr'>rebus</span> <span class='ocrx_word' id='word_1_264' title='bbox 1070 4046 1246 4128; x_wconf 84' lang='lat' dir='ltr'>Romanis,</span> <span class='ocrx_word' id='word_1_265' title='bbox 1269 4069 1346 4115; x_wconf 85' lang='lat' dir='ltr'>curn</span> <span class='ocrx_word' id='word_1_266' title='bbox 1363 4048 1466 4114; x_wconf 93' lang='lat' dir='ltr'>ieiune</span> <span class='ocrx_word' id='word_1_267' title='bbox 1486 4046 1521 4114; x_wconf 84' lang='lat'>&amp;</span> <span class='ocrx_word' id='word_1_268' title='bbox 1539 4038 1631 4111; x_wconf 86' lang='lat' dir='ltr'>exili·</span> 
     </span>
     <span class='ocr_line' id='line_1_33' title="bbox 587 4131 1633 4245; baseline -0.006 -27"><span class='ocrx_word' id='word_1_269' title='bbox 587 4131 652 4229; x_wconf 79' lang='lat' dir='ltr'>les,</span> <span class='ocrx_word' id='word_1_270' title='bbox 674 4168 745 4219; x_wconf 85' lang='lat' dir='ltr'>turn</span> <span class='ocrx_word' id='word_1_271' title='bbox 766 4143 909 4245; x_wconf 85' lang='lat' dir='ltr'>perverse</span> <span class='ocrx_word' id='word_1_272' title='bbox 925 4155 958 4220; x_wconf 77' lang='grc' dir='ltr'>ὃ(</span> <span class='ocrx_word' id='word_1_273' title='bbox 975 4144 1107 4218; x_wconf 89' lang='lat' dir='ltr'>ridicule</span> <span class='ocrx_word' id='word_1_274' title='bbox 1128 4140 1339 4228; x_wconf 75' lang='lat' dir='ltr'>narside-ant,</span> <span class='ocrx_word' id='word_1_275' title='bbox 1358 4164 1411 4232; x_wconf 96' lang='lat' dir='ltr'>ut,</span> <span class='ocrx_word' id='word_1_276' title='bbox 1432 4169 1570 4245; x_wconf 87' lang='lat' dir='ltr'>quorum</span> <span class='ocrx_word' id='word_1_277' title='bbox 1584 4167 1633 4213; x_wconf 87' lang='lat' dir='ltr'>er·</span> 
     </span>
     <span class='ocr_line' id='line_1_34' title="bbox 580 4240 1633 4349; baseline -0.002 -31"><span class='ocrx_word' id='word_1_278' title='bbox 580 4275 675 4321; x_wconf 89' lang='lat' dir='ltr'>rores</span> <span class='ocrx_word' id='word_1_279' title='bbox 692 4248 910 4322; x_wconf 85' lang='lat' dir='ltr'>demonstrare</span> <span class='ocrx_word' id='word_1_280' title='bbox 925 4263 1017 4349; x_wconf 81' lang='lat' dir='ltr'>atque</span> <span class='ocrx_word' id='word_1_281' title='bbox 1032 4243 1263 4346; x_wconf 88' lang='lat' dir='ltr'>reprehendere</span> <span class='ocrx_word' id='word_1_282' title='bbox 1282 4247 1385 4334; x_wconf 86' lang='lat' dir='ltr'>vellet,</span> <span class='ocrx_word' id='word_1_283' title='bbox 1408 4273 1511 4346; x_wconf 92' lang='lat' dir='ltr'>neque</span> <span class='ocrx_word' id='word_1_284' title='bbox 1526 4240 1633 4317; x_wconf 86' lang='lat' dir='ltr'>facere</span> 
     </span>
     <span class='ocr_line' id='line_1_35' title="bbox 588 4346 1635 4454; baseline -0.005 -30"><span class='ocrx_word' id='word_1_285' title='bbox 588 4348 709 4450; x_wconf 79' lang='lat' dir='ltr'>posset,</span> <span class='ocrx_word' id='word_1_286' title='bbox 730 4356 808 4454; x_wconf 91' lang='lat' dir='ltr'>quin</span> <span class='ocrx_word' id='word_1_287' title='bbox 830 4354 864 4427; x_wconf 90' lang='lat' dir='ltr'>id</span> <span class='ocrx_word' id='word_1_288' title='bbox 884 4375 1008 4454; x_wconf 86' lang='lat' dir='ltr'>ageret,</span> <span class='ocrx_word' id='word_1_289' title='bbox 1034 4377 1090 4422; x_wconf 85' lang='lat' dir='ltr'>eos</span> <span class='ocrx_word' id='word_1_290' title='bbox 1111 4356 1165 4422; x_wconf 88' lang='lat' dir='ltr'>vix</span> <span class='ocrx_word' id='word_1_291' title='bbox 1232 4346 1287 4423; x_wconf 84' lang='lat' dir='ltr'>sset</span> <span class='ocrx_word' id='word_1_292' title='bbox 1310 4350 1374 4423; x_wconf 81' lang='lat' dir='ltr'>stne</span> <span class='ocrx_word' id='word_1_293' title='bbox 1396 4349 1562 4421; x_wconf 86' lang='lat' dir='ltr'>stomacho</span> <span class='ocrx_word' id='word_1_294' title='bbox 1585 4346 1635 4421; x_wconf 89' lang='lat' dir='ltr'>di·</span> 
     </span>
     <span class='ocr_line' id='line_1_36' title="bbox 588 4376 1733 4629; baseline -0.004 -101"><span class='ocrx_word' id='word_1_295' title='bbox 588 4461 728 4530; x_wconf 86' lang='lat' dir='ltr'>mittere.</span> <span class='ocrx_word' id='word_1_296' title='bbox 764 4456 907 4533; x_wconf 83' lang='lat' dir='ltr'>&#39;Deinde</span> <span class='ocrx_word' id='word_1_297' title='bbox 928 4456 1084 4532; x_wconf 78' lang='lat' dir='ltr'>rusticitas</span> <span class='ocrx_word' id='word_1_298' title='bbox 1103 4376 1252 4629; x_wconf 61' lang='lat' dir='ltr'>qtplaedlln</span> <span class='ocrx_word' id='word_1_299' title='bbox 1273 4480 1404 4529; x_wconf 86' lang='lat' dir='ltr'>morum</span> <span class='ocrx_word' id='word_1_300' title='bbox 1424 4480 1465 4528; x_wconf 86' lang='lat' dir='ltr'>ex</span> <span class='ocrx_word' id='word_1_301' title='bbox 1487 4457 1635 4526; x_wconf 87' lang='lat' dir='ltr'>oratione</span> <span class='ocrx_word' id='word_1_302' title='bbox 1724 4551 1733 4570; x_wconf 20' lang='grc' dir='ltr'>ἱ</span> 
     </span>
    </p>

    <p class='ocr_par' dir='ltr' id='par_1_7' title="bbox 1178 4579 1634 4647">
     <span class='ocr_line' id='line_1_37' title="bbox 1178 4579 1634 4647; baseline 0.007 -19"><span class='ocrx_word' id='word_1_303' title='bbox 1178 4581 1197 4647; x_wconf 81' lang='lat'>3</span> <span class='ocrx_word' id='word_1_304' title='bbox 1527 4579 1634 4632; x_wconf 85' lang='lat' dir='ltr'>erum·</span> 
     </span>
    </p>
   </div>
   <div class='ocr_carea' id='block_1_6' title="bbox 0 0 2292 5592">
    <p class='ocr_par' dir='ltr' id='par_1_8' title="bbox 0 0 2292 5592">
     <span class='ocr_line' id='line_1_38' title="bbox 0 0 2292 5592; baseline 0 4"><span class='ocrx_word' id='word_1_305' title='bbox 0 0 2292 5592; x_wconf 95' lang='lat' dir='ltr'> </span> 
     </span>
    </p>
   </div>
  </div>
 </body>
</html>
